bid_price1,bid_price2,bid_price3,bid_price4,bid_price5,bid_size1,bid_size2,bid_size3,bid_size4,bid_size5,bid_order1,bid_order2,bid_order3,bid_order4,bid_order5,ask_price1,ask_price2,ask_price3,ask_price4,ask_price5,ask_size1,ask_size2,ask_size3,ask_size4,ask_size5,ask_order1,ask_order2,ask_order3,ask_order4,ask_order5,time
859.55,859.5,859.45,859.4,859.35,859.65,859.85,859.9,859.95,860.0,37,113,248,299,600,190,18,2004,1174,10612,2,1,4,3,11,1,1,5,9,35,1720781919.271752
859.7,859.6,859.55,859.5,859.45,860.0,860.05,860.1,860.15,860.2,17,456,384,1521,379,11367,233,2396,1962,3418,2,4,6,7,8,30,8,13,10,17,1720781920.193518
859.85,859.8,859.75,859.7,859.65,860.0,860.05,860.1,860.15,860.2,29,35,88,668,537,8654,5,970,134,3483,3,1,2,7,5,22,1,5,4,10,1720781921.421955
859.7,859.65,859.6,859.55,859.5,860.0,860.05,860.1,860.15,860.2,206,379,1000,376,2478,8654,59,1237,134,3432,4,7,9,7,14,22,2,7,4,12,1720781921.566488
859.65,859.6,859.55,859.5,859.45,860.0,860.05,860.1,860.15,860.2,310,212,202,1711,331,8507,543,2751,2112,3003,3,4,5,8,8,22,9,10,12,15,1720781922.650719
859.65,859.6,859.55,859.5,859.45,860.0,860.05,860.1,860.15,860.2,215,319,457,1698,344,8453,287,2732,2089,3488,3,4,8,9,7,19,3,10,11,13,1720781923.763192
859.65,859.6,859.55,859.5,859.45,859.95,860.0,860.05,860.1,860.15,56,513,427,1720,292,19,10007,50,2251,2048,1,4,7,11,7,1,22,3,11,11,1720781924.968658
859.7,859.6,859.55,859.5,859.45,859.95,860.0,860.05,860.1,860.15,18,201,630,1519,216,26,10206,240,2710,1923,2,2,7,10,6,1,25,3,17,9,1720781926.171262
859.95,859.85,859.75,859.7,859.65,860.0,860.05,860.1,860.15,860.2,200,98,54,62,420,7939,31,2337,1873,1964,2,2,1,1,5,16,2,10,8,10,1720781927.372347
859.85,859.65,859.6,859.55,859.5,860.0,860.05,860.1,860.15,860.2,51,96,481,432,1764,7939,85,2451,1914,2978,2,2,5,5,12,16,3,13,9,15,1720781927.570381
859.85,859.65,859.6,859.55,859.5,860.0,860.05,860.1,860.15,860.2,48,1,371,289,2006,7966,138,3891,1931,2779,1,1,3,6,14,15,4,13,10,13,1720781928.794296
859.85,859.6,859.55,859.5,859.45,859.95,860.0,860.05,860.1,860.15,8,371,278,1358,215,49,7882,85,4032,1307,1,3,5,7,5,1,16,3,16,11,1720781929.978802
859.65,859.6,859.55,859.5,859.45,860.0,860.05,860.1,860.15,860.2,329,249,377,1741,178,6757,85,2911,470,2883,4,4,7,14,4,16,3,9,8,12,1720781931.178225
859.8,859.7,859.65,859.6,859.55,860.0,860.05,860.1,860.15,860.2,168,505,495,2113,766,5415,5,970,183,2695,1,4,9,18,11,14,1,5,6,10,1720781932.479504
859.8,859.7,859.65,859.6,859.55,860.0,860.05,860.1,860.15,860.2,168,539,495,2113,732,5147,5,970,183,2695,1,5,9,18,10,14,1,5,6,10,1720781932.676121
859.9,859.85,859.8,859.75,859.7,860.0,860.05,860.1,860.15,860.2,165,33,26,54,293,3213,5,987,59,2269,1,1,1,1,3,14,1,6,3,7,1720781933.812096
859.75,859.7,859.65,859.6,859.55,860.0,860.05,860.1,860.15,860.2,2,50,429,904,357,1643,39,1860,192,3444,1,2,7,8,7,8,2,9,7,11,1720781934.976255
859.5,859.45,859.4,859.35,859.3,859.8,859.85,859.9,859.95,860.0,780,125,229,533,3119,78,1222,1666,293,2554,5,3,2,5,9,2,9,11,6,17,1720781936.179414
859.95,859.7,859.65,859.6,859.55,860.0,860.05,860.1,860.15,860.2,165,137,331,964,312,955,59,2218,1705,4420,1,3,6,8,6,9,2,10,10,15,1720781937.373835
859.95,859.7,859.65,859.6,859.55,860.0,860.05,860.1,860.15,860.2,232,363,381,984,298,338,386,2165,401,3458,2,4,6,10,5,6,2,9,7,12,1720781937.57469
859.85,859.8,859.75,859.7,859.65,860.1,860.15,860.2,860.25,860.3,35,168,357,721,335,1884,1297,1169,3117,1572,2,1,3,7,8,6,6,8,13,10,1720781938.829736
859.9,859.8,859.75,859.7,859.65,860.15,860.2,860.25,860.3,860.35,166,199,158,470,603,93,112,669,2425,1665,1,2,3,4,10,1,1,10,10,10,1720781939.985253
860.15,860.0,859.95,859.9,859.85,860.3,860.35,860.4,860.45,860.5,29,10,39,116,121,3664,155,1827,2072,4295,1,1,1,1,3,9,3,15,12,25,1720781941.189428
861.4,861.35,861.3,861.25,861.2,861.5,861.65,861.7,861.75,861.8,44,90,124,383,1153,126,164,307,329,435,2,1,2,4,11,1,2,3,4,6,1720782091.730749
861.45,861.4,861.3,861.25,861.2,861.7,861.75,861.8,861.85,861.9,1368,85,934,309,2109,9,98,237,304,899,2,2,9,3,16,1,2,7,4,5,1720782092.62868
861.65,861.5,861.45,861.4,861.35,861.8,861.85,861.9,861.95,862.0,83,589,1232,579,323,58,43,69,4474,87721,1,4,3,8,5,1,1,3,11,481,1720782093.639446
861.5,861.45,861.4,861.35,861.3,861.8,861.85,861.9,861.95,862.0,100,1232,555,319,1586,99,349,508,4704,87721,1,3,6,6,9,3,3,6,14,481,1720782093.830725
861.45,861.4,861.35,861.3,861.25,861.7,861.75,861.8,861.85,861.9,940,383,262,1455,217,60,162,377,800,1083,1,4,4,8,2,1,1,6,7,5,1720782094.889187
861.55,861.5,861.45,861.4,861.35,861.9,861.95,862.0,862.05,862.1,32,199,584,655,106,2160,5049,87278,703,5347,1,3,2,8,5,5,14,483,8,17,1720782095.833005
861.6,861.55,861.5,861.45,861.4,861.95,862.0,862.05,862.1,862.15,125,169,597,802,831,3467,87916,1208,4457,1374,1,3,6,5,9,7,483,5,15,8,1720782096.843465
861.65,861.6,861.55,861.5,861.45,861.95,862.0,862.05,862.1,862.15,33,32,129,588,676,2923,82194,1076,4672,2321,1,1,2,5,5,6,480,6,18,12,1720782097.833008
861.6,861.55,861.5,861.45,861.4,861.9,861.95,862.0,862.05,862.1,70,362,584,826,1340,454,1568,81138,322,4559,1,4,6,6,10,2,8,480,5,15,1720782099.03796
861.7,861.6,861.55,861.5,861.45,861.95,862.0,862.05,862.1,862.15,1000,1,135,649,780,1463,83817,225,5373,2110,1,1,3,7,5,6,485,3,19,8,1720782100.23907
861.75,861.7,861.65,861.6,861.55,861.95,862.0,862.05,862.1,862.15,10,1003,75,268,340,337,82390,1176,4665,1726,1,2,1,4,6,4,479,7,16,12,1720782101.240263
861.8,861.75,861.7,861.65,861.6,861.95,862.0,862.05,862.1,862.15,168,37,960,75,124,60,79429,2676,4002,2487,1,1,2,1,2,1,440,9,17,14,1720782102.245128
861.8,861.75,861.7,861.65,861.6,861.9,861.95,862.0,862.05,862.1,302,34,772,75,59,65,50,78239,374,5521,2,1,2,1,2,1,1,422,7,18,1720782103.286032
861.8,861.75,861.7,861.65,861.6,861.85,861.9,861.95,862.0,862.05,34,90,772,129,303,43,93,882,77857,280,1,1,2,2,7,1,1,3,422,5,1720782104.239149
861.7,861.65,861.6,861.55,861.5,861.85,861.9,861.95,862.0,862.05,168,34,27,300,752,60,5,1456,79647,2823,1,1,1,4,5,1,1,9,428,12,1720782105.243463
861.6,861.55,861.5,861.45,861.4,861.85,861.9,861.95,862.0,862.05,200,748,888,694,698,61,343,1011,78185,1340,1,7,7,4,7,1,3,11,427,10,1720782106.437665
861.85,861.75,861.65,861.6,861.55,861.95,862.0,862.05,862.1,862.15,13,7,78,273,472,1852,79694,4265,3715,2512,1,1,1,2,5,10,429,12,14,13,1720782107.438373
861.85,861.65,861.6,861.55,861.5,861.95,862.0,862.05,862.1,862.15,23,118,195,547,1138,297,78673,1402,7460,2165,1,1,2,6,10,7,429,7,19,9,1720782108.442652
861.8,861.65,861.6,861.55,861.5,861.9,862.0,862.05,862.1,862.15,22,284,274,874,1061,97,77621,1406,7063,1414,2,2,3,10,7,1,417,7,21,8,1720782109.637191
861.8,861.65,861.6,861.55,861.5,862.0,862.05,862.1,862.15,862.2,22,356,274,1008,1132,77482,1406,7063,1414,8650,2,3,3,12,8,417,7,21,8,20,1720782109.852947
861.65,861.6,861.55,861.5,861.45,861.95,862.0,862.05,862.1,862.15,11,100,341,659,1004,602,76780,3254,4611,3151,1,1,6,4,8,4,420,13,15,13,1720782111.04668
861.6,861.55,861.5,861.45,861.4,861.85,861.9,861.95,862.0,862.05,34,245,645,672,542,56,214,1313,79150,2486,1,5,4,4,7,1,4,9,425,11,1720782112.043535
861.6,861.5,861.45,861.4,861.35,861.8,861.85,861.9,861.95,862.0,158,401,676,135,180,239,428,1624,4585,76754,2,2,4,2,3,2,2,5,22,422,1720782113.248809
861.4,861.35,861.3,861.25,861.2,861.7,861.75,861.8,861.85,861.9,1,130,462,344,1098,863,1122,2742,796,2761,1,3,3,4,9,5,7,9,6,10,1720782114.454311
861.4,861.35,861.3,861.25,861.2,861.75,861.8,861.85,861.9,861.95,274,154,536,382,1581,423,2495,2189,1696,3681,3,4,4,6,14,1,12,6,8,19,1720782115.640153
861.4,861.35,861.3,861.25,861.2,861.75,861.8,861.85,861.9,861.95,247,217,536,484,1581,151,3995,1439,2446,2931,3,5,4,8,14,1,14,5,9,18,1720782115.843526
861.55,861.5,861.45,861.4,861.35,861.8,861.9,861.95,862.0,862.05,669,630,635,575,646,254,50,2376,77651,3462,5,7,7,8,7,1,1,8,424,10,1720782117.045093
861.75,861.7,861.65,861.6,861.55,862.0,862.05,862.1,862.15,862.2,81,148,290,1294,807,75062,225,2862,2488,6465,2,3,4,12,10,391,3,10,9,17,1720782118.251642
861.85,861.8,861.75,861.7,861.65,861.95,862.0,862.05,862.1,862.15,34,149,130,317,197,94,73192,225,2791,501,1,2,3,6,4,1,356,3,9,5,1720782119.447406
861.75,861.7,861.65,861.6,861.55,862.0,862.05,862.1,862.15,862.2,196,25,129,997,643,71191,330,2791,2732,5758,2,1,2,8,6,334,5,9,11,15,1720782120.648391
861.8,861.75,861.7,861.65,861.6,861.95,862.0,862.05,862.1,862.15,201,195,25,411,1002,94,70946,225,4049,2145,2,1,1,4,9,1,328,3,13,10,1720782120.848653
861.8,861.75,861.65,861.6,861.55,862.0,862.05,862.1,862.15,862.2,70,50,396,128,320,68842,251,3092,732,4851,3,1,4,5,6,293,4,11,11,14,1720782122.052421
861.95,861.9,861.85,861.8,861.75,862.0,862.05,862.1,862.15,862.2,482,840,465,1112,370,44587,225,2759,501,4169,6,5,7,7,6,208,3,8,5,8,1720782123.255822
861.85,861.8,861.75,861.7,861.65,862.0,862.05,862.1,862.15,862.2,102,91,261,120,380,41506,225,3072,654,4763,2,2,3,3,7,204,3,11,7,15,1720782124.278938
861.9,861.85,861.8,861.75,861.7,862.0,862.05,862.1,862.15,862.2,49,153,131,695,1163,37978,252,2759,501,4169,1,4,3,8,7,197,4,8,5,8,1720782125.260798
861.9,861.85,861.8,861.75,861.7,862.0,862.05,862.1,862.15,862.2,622,294,131,695,1203,35786,225,2759,501,4169,3,6,3,8,7,152,3,8,5,8,1720782126.253974
861.85,861.8,861.75,861.7,861.65,862.0,862.05,862.1,862.15,862.2,141,117,397,407,356,33529,225,3203,582,4299,3,3,6,5,6,133,3,12,7,10,1720782127.260658
861.95,861.8,861.75,861.7,861.65,862.0,862.05,862.1,862.15,862.2,24,54,166,431,330,31393,225,2813,501,4784,2,1,2,6,5,122,3,9,5,15,1720782128.250721
861.75,861.7,861.65,861.6,861.55,861.85,861.9,861.95,862.0,862.05,48,50,222,185,253,60,32,279,28209,497,1,1,3,2,4,1,1,2,98,8,1720782129.45912
861.8,861.7,861.65,861.6,861.55,861.95,862.0,862.05,862.1,862.15,216,132,546,699,353,119,27478,278,3150,657,2,3,6,6,6,1,93,4,11,7,1720782130.662827
861.95,861.8,861.75,861.7,861.65,862.0,862.05,862.1,862.15,862.2,15,54,183,462,546,26876,278,3150,581,4578,2,1,2,7,6,94,4,11,6,12,1720782130.850185
861.75,861.65,861.6,861.55,861.5,862.0,862.05,862.1,862.15,862.2,136,336,606,152,998,24215,339,3073,2112,7018,1,7,6,2,13,94,5,11,12,15,1720782132.063911
861.75,861.7,861.65,861.6,861.55,862.0,862.05,862.1,862.15,862.2,1,2,275,683,462,22281,413,3041,3016,6328,1,2,6,8,5,92,6,10,16,15,1720782133.494437
861.7,861.65,861.6,861.55,861.5,861.9,861.95,862.0,862.05,862.1,322,201,161,154,643,18,241,22608,398,4993,3,3,2,2,9,1,2,100,6,17,1720782134.452349
861.95,861.9,861.75,861.7,861.65,862.0,862.05,862.1,862.15,862.2,184,133,33,324,338,22091,326,3900,4336,6247,2,2,1,3,6,86,5,12,15,16,1720782135.454641
861.55,861.5,861.4,861.35,861.3,861.65,861.75,861.8,861.85,861.9,354,100,585,122,1132,151,32,204,505,690,5,2,4,3,6,1,1,3,5,10,1720782136.458463
861.75,861.65,861.6,861.55,861.5,861.9,861.95,862.0,862.05,862.1,5,190,7,283,800,61,376,14373,1548,5845,2,2,1,3,8,1,4,93,7,17,1720782137.457053
861.7,861.65,861.6,861.55,861.5,862.0,862.05,862.1,862.15,862.2,3,623,404,273,935,9202,300,3445,1931,8111,1,10,6,6,9,76,4,11,8,18,1720782138.45446
861.65,861.6,861.55,861.5,861.45,861.95,862.0,862.05,862.1,862.15,338,303,177,518,256,15,8567,406,4333,2106,7,6,4,6,5,1,77,8,13,10,1720782139.461526
861.95,861.9,861.75,861.7,861.65,862.0,862.05,862.1,862.15,862.2,90,33,134,263,784,7949,245,2759,723,5467,6,1,3,5,12,72,4,8,6,12,1720782140.46264
861.95,861.9,861.85,861.75,861.7,862.0,862.05,862.1,862.15,862.2,67,34,51,228,352,6929,245,2811,723,5525,6,2,1,3,3,62,4,9,6,13,1720782141.457572
861.95,861.9,861.85,861.8,861.75,862.0,862.05,862.1,862.15,862.2,25,76,334,435,490,130,245,2759,723,4169,1,2,3,4,6,5,4,8,6,8,1720782142.464404
861.95,861.9,861.85,861.8,861.75,862.0,862.05,862.1,862.15,862.2,167,76,385,93,443,282,245,2759,723,4223,4,2,3,1,7,4,4,8,6,9,1720782143.459636
862.05,861.95,861.9,861.85,861.8,862.1,862.15,862.2,862.25,862.3,52,54,76,547,508,2385,723,3389,461,3760,1,1,2,6,4,3,6,7,8,13,1720782144.570433
862.0,861.95,861.9,861.85,861.8,862.05,862.1,862.15,862.2,862.25,14,57,76,473,513,55,1977,723,3443,466,1,1,2,4,5,1,3,6,8,9,1720782145.46592
861.95,861.9,861.85,861.8,861.75,862.1,862.15,862.2,862.25,862.3,37,50,54,508,556,1166,723,3443,567,3863,1,1,1,4,7,4,6,8,10,15,1720782146.570885
862.0,861.95,861.9,861.85,861.8,862.1,862.15,862.2,862.25,862.3,96,127,50,95,508,789,723,3389,515,3757,1,2,1,2,4,4,6,7,9,13,1720782147.459466
862.0,861.95,861.9,861.8,861.75,862.1,862.15,862.2,862.25,862.3,7,180,154,678,565,49,288,3389,625,3706,3,4,3,6,8,1,4,7,11,12,1720782148.570566
862.0,861.95,861.9,861.8,861.75,862.15,862.2,862.25,862.3,862.35,169,18,10,54,179,240,2758,871,6860,1869,2,2,1,1,3,4,4,13,19,11,1720782149.65941
862.0,861.95,861.9,861.85,861.8,862.1,862.2,862.25,862.3,862.35,156,82,409,289,1024,44,1886,513,3706,842,2,2,5,3,8,2,3,9,12,7,1720782150.658892
861.85,861.8,861.75,861.7,861.65,862.2,862.25,862.3,862.35,862.4,309,211,261,1583,927,1391,515,3782,960,4911,3,2,5,13,10,4,9,15,8,27,1720782151.663566
861.8,861.75,861.7,861.65,861.6,862.15,862.2,862.25,862.3,862.35,121,302,1095,837,1815,629,1426,841,4083,1692,3,5,8,9,14,7,10,15,20,10,1720782152.681854
861.8,861.75,861.7,861.65,861.6,862.15,862.2,862.25,862.3,862.35,213,715,1346,891,1239,224,3174,1006,4030,1682,3,8,9,10,13,2,9,18,18,10,1720782153.666214
861.95,861.8,861.75,861.7,861.65,862.2,862.25,862.3,862.35,862.4,203,416,715,1476,837,3028,1028,4036,2432,6211,2,4,8,11,8,6,19,18,11,27,1720782153.876185
862.0,861.95,861.9,861.85,861.8,862.2,862.25,862.3,862.35,862.4,246,159,116,350,864,1992,629,3912,990,6959,2,3,1,4,8,4,11,16,10,27,1720782154.866236
862.0,861.95,861.9,861.85,861.8,862.2,862.25,862.3,862.35,862.4,49,162,116,363,1003,1430,461,3706,856,6123,1,3,1,4,9,4,8,12,8,24,1720782155.920361
862.0,861.95,861.9,861.85,861.8,862.2,862.25,862.3,862.35,862.4,110,155,116,190,710,1364,520,3807,984,5960,1,3,1,3,7,5,10,14,10,30,1720782156.865076
862.0,861.95,861.85,861.8,861.75,862.1,862.15,862.2,862.25,862.3,115,80,70,12,206,184,300,2053,734,3915,2,2,1,2,3,1,4,10,11,15,1720782157.866065
862.0,861.95,861.85,861.8,861.75,862.15,862.2,862.25,862.3,862.35,21,80,70,89,54,312,2146,1081,3886,2885,2,2,1,4,1,4,10,16,16,15,1720782159.094975
862.0,861.95,861.85,861.8,861.75,862.15,862.2,862.25,862.3,862.35,9,80,170,596,130,129,2147,809,3994,1259,2,2,2,8,2,4,11,12,18,11,1720782160.067703
861.75,861.7,861.65,861.6,861.55,861.95,862.0,862.05,862.1,862.15,1,805,598,826,357,79,193,101,314,600,1,3,5,9,6,2,5,2,4,9,1720782161.16315
861.7,861.65,861.6,861.55,861.5,861.85,861.9,861.95,862.0,862.05,799,519,191,401,565,33,131,181,768,309,3,3,3,8,6,1,3,4,6,5,1720782162.166976
861.7,861.65,861.6,861.55,861.5,861.8,861.85,861.95,862.0,862.05,306,519,60,191,515,55,47,168,768,273,2,3,2,4,5,1,1,4,6,5,1720782163.089157
861.55,861.5,861.45,861.4,861.35,861.7,861.75,861.85,861.9,861.95,142,53,329,870,190,11,77,165,149,919,2,2,3,8,4,1,3,5,4,4,1720782164.215418
861.55,861.5,861.45,861.4,861.35,861.75,861.9,861.95,862.0,862.05,613,281,463,729,461,16,87,1027,856,657,5,3,6,5,8,1,2,6,6,9,1720782165.203594
861.75,861.7,861.65,861.6,861.55,861.85,861.9,861.95,862.0,862.05,194,10,408,335,672,25,45,45,715,275,2,1,4,3,8,1,1,1,4,5,1720782166.26358
861.75,861.7,861.65,861.6,861.55,861.85,861.9,861.95,862.0,862.05,168,9,74,39,474,32,44,290,770,167,1,1,2,1,6,1,1,3,6,3,1720782167.173233
861.85,861.8,861.75,861.7,861.65,861.9,861.95,862.0,862.05,862.1,129,7,466,9,1,43,131,124,66,585,2,1,1,1,1,1,3,4,2,6,1720782168.374587
861.85,861.8,861.75,861.7,861.65,861.9,861.95,862.0,862.05,862.1,128,7,466,42,1,43,124,124,104,507,2,1,1,2,1,1,3,4,2,6,1720782169.4376
861.7,861.55,861.5,861.45,861.4,861.8,861.85,861.9,861.95,862.0,11,132,53,107,1060,43,63,59,466,803,2,2,2,2,9,1,2,3,8,12,1720782170.574196
861.45,861.4,861.35,861.3,861.25,861.8,861.85,861.9,861.95,862.0,357,183,286,902,424,63,373,1793,2100,1663,3,3,7,8,9,4,7,9,12,8,1720782171.575686
861.8,861.75,861.7,861.55,861.5,861.85,861.9,861.95,862.0,862.05,454,468,3,214,543,10,1,30,239,349,3,2,1,5,5,1,1,2,5,4,1720782172.579099
861.8,861.75,861.7,861.6,861.55,861.9,861.95,862.0,862.05,862.1,625,66,3,46,174,41,68,355,595,716,2,2,1,1,3,1,2,6,6,6,1720782173.784416
861.8,861.75,861.7,861.65,861.6,861.95,862.0,862.05,862.1,862.15,327,66,3,344,255,42,355,30,333,2948,2,2,1,3,3,1,6,2,3,13,1720782173.981481
861.8,861.75,861.7,861.65,861.6,862.05,862.1,862.15,862.2,862.25,471,66,165,348,395,6,415,4281,6338,2939,3,2,5,3,5,1,5,13,26,18,1720782174.997872
861.95,861.9,861.75,861.7,861.65,862.1,862.15,862.2,862.25,862.3,1,66,113,409,54,62,316,5637,3662,6175,1,2,2,5,1,3,3,20,20,22,1720782175.984909
861.9,861.7,861.6,861.55,861.5,862.0,862.05,862.1,862.15,862.2,67,37,524,229,664,40,118,1135,4934,4277,3,2,5,3,7,2,3,7,11,22,1720782177.015885
861.55,861.5,861.45,861.4,861.35,861.65,861.7,861.85,861.9,861.95,493,163,275,648,394,54,21,26,339,1421,5,2,4,8,6,1,1,1,4,8,1720782178.187836
861.65,861.6,861.55,861.5,861.45,861.95,862.0,862.05,862.1,862.15,256,449,357,655,298,39,291,362,2556,1785,3,4,7,7,4,1,6,8,10,9,1720782179.198623
861.7,861.65,861.6,861.55,861.5,861.9,861.95,862.0,862.05,862.1,146,353,425,417,403,39,46,137,309,1715,2,4,3,10,5,1,2,4,8,8,1720782180.186254
861.95,861.9,861.7,861.65,861.6,862.0,862.05,862.1,862.15,862.2,30,168,94,462,733,177,184,343,1569,7133,1,2,2,6,9,2,4,3,5,28,1720782181.201647
861.7,861.65,861.6,861.55,861.5,861.95,862.0,862.05,862.1,862.15,168,34,204,416,510,38,484,827,2853,2135,1,2,2,7,6,1,7,13,9,11,1720782182.400894
861.8,861.75,861.7,861.65,861.6,861.95,862.0,862.05,862.1,862.15,336,253,441,260,1800,8,25,107,139,58,2,4,9,6,13,1,1,2,1,1,1720782183.389932
862.0,861.95,861.8,861.75,861.7,862.15,862.2,862.25,862.3,862.35,184,93,395,517,753,70,2711,3579,6995,2039,2,1,3,6,8,1,19,16,22,15,1720782184.387382
862.05,862.0,861.8,861.75,861.7,862.2,862.25,862.3,862.35,862.4,186,217,174,349,652,2614,2829,7731,1995,8949,2,3,2,6,9,19,15,23,14,28,1720782185.392596
861.8,861.7,861.65,861.6,861.55,862.05,862.1,862.15,862.2,862.25,169,1,94,264,480,324,861,3464,4977,3013,2,1,4,3,9,4,10,11,28,18,1720782186.589352
861.95,861.75,861.7,861.65,861.6,862.0,862.05,862.1,862.15,862.2,139,23,186,380,964,495,381,378,1609,6366,2,1,2,5,10,2,5,4,5,28,1720782187.799582
861.95,861.7,861.65,861.6,861.55,862.0,862.05,862.1,862.15,862.2,7,68,380,1452,590,244,1131,128,99,6464,1,3,5,13,10,4,6,2,2,28,1720782188.791988
861.75,861.7,861.65,861.6,861.55,861.9,862.0,862.05,862.1,862.15,58,261,356,883,532,23,36,227,146,384,1,6,5,9,9,1,2,3,3,5,1720782189.795079
862.0,861.75,861.7,861.65,861.6,862.1,862.15,862.2,862.25,862.3,180,428,406,109,1352,57,138,5119,4224,5133,4,5,8,4,13,1,2,25,26,17,1720782190.790593
861.9,861.85,861.8,861.75,861.7,862.1,862.15,862.2,862.25,862.3,162,11,1,53,287,288,589,5385,3569,7045,2,2,1,2,6,4,8,30,25,24,1720782191.795845
861.95,861.9,861.85,861.8,861.75,862.15,862.2,862.25,862.3,862.35,189,50,10,11,466,108,3111,6362,5574,3660,3,1,1,2,7,2,20,29,22,14,1720782192.597028
861.7,861.65,861.6,861.55,861.5,861.9,861.95,862.0,862.05,862.1,39,1,269,217,497,64,74,204,495,3392,2,1,3,6,7,1,2,3,8,8,1720782193.794323
861.7,861.65,861.6,861.55,861.5,861.9,861.95,862.0,862.05,862.1,135,1,269,217,538,4,74,204,437,3392,1,1,3,6,8,1,2,3,7,8,1720782193.996494
861.95,861.8,861.75,861.7,861.65,862.0,862.05,862.1,862.15,862.2,50,1,42,84,397,85,29,316,155,3206,1,1,2,1,5,2,1,4,3,24,1720782195.205749
861.95,861.9,861.85,861.8,861.75,862.0,862.05,862.1,862.15,862.2,54,34,61,1,1,33,4414,1925,1713,3918,2,1,1,1,1,1,8,7,6,27,1720782196.403007
861.85,861.8,861.75,861.65,861.6,861.95,862.0,862.05,862.1,862.15,60,1,1,1,469,26,130,4256,2466,1055,1,1,1,1,5,1,2,7,9,7,1720782197.608532
861.95,861.9,861.85,861.8,861.75,862.0,862.1,862.15,862.2,862.25,60,167,59,201,140,25,734,188,6859,2308,1,2,1,2,4,1,2,3,28,18,1720782198.809214
862.0,861.95,861.9,861.85,861.8,862.1,862.2,862.25,862.3,862.35,276,60,33,100,201,734,6859,2360,6262,2258,2,1,1,2,2,2,28,18,22,13,1720782199.011325
861.95,861.9,861.85,861.8,861.75,862.05,862.1,862.15,862.2,862.25,60,43,59,201,157,2211,500,33,3814,3675,1,2,1,2,4,1,1,1,25,18,1720782200.214261
861.95,861.8,861.75,861.7,861.65,862.05,862.1,862.15,862.2,862.25,32,7,5,444,183,1811,500,33,5360,3632,1,1,1,7,5,1,1,1,29,17,1720782201.213919
862.0,861.95,861.9,861.85,861.8,862.05,862.1,862.15,862.2,862.25,163,33,1,1,7,1805,500,670,6942,1491,1,1,1,1,1,1,1,2,31,15,1720782202.413545
862.0,861.95,861.9,861.85,861.8,862.05,862.1,862.15,862.2,862.25,38,33,1,1,69,1354,500,33,3187,1149,2,1,1,1,2,1,1,1,25,13,1720782203.414573
861.9,861.85,861.8,861.75,861.7,862.0,862.05,862.1,862.15,862.2,148,454,448,569,771,5,1148,500,33,2605,1,4,5,12,8,1,2,1,1,24,1720782204.615434
862.0,861.95,861.9,861.85,861.8,862.2,862.25,862.3,862.35,862.4,69,228,50,395,823,2172,840,4860,2670,7591,2,2,1,5,8,21,11,16,13,25,1720782205.823119
862.05,862.0,861.95,861.9,861.85,862.2,862.25,862.3,862.35,862.4,84,1,93,50,414,2043,840,5062,3411,7591,2,1,1,1,6,20,11,16,14,25,1720782206.820407
862.05,862.0,861.95,861.9,861.85,862.2,862.25,862.3,862.35,862.4,251,1,93,50,478,2043,840,5062,3411,7596,3,1,1,1,7,20,11,16,14,26,1720782207.020038
861.9,861.85,861.8,861.75,861.7,862.2,862.25,862.3,862.35,862.4,167,382,426,473,1060,1620,840,5725,1853,7716,1,4,6,9,11,19,11,20,11,29,1720782208.229677
861.95,861.85,861.8,861.75,861.7,862.05,862.15,862.2,862.25,862.3,168,200,353,365,362,2,57,1678,5091,6486,1,1,4,8,5,1,2,21,21,21,1720782209.42459
861.9,861.85,861.8,861.75,861.7,862.2,862.25,862.3,862.35,862.4,354,280,446,296,684,1584,1237,5805,3723,8392,2,3,5,7,8,20,15,21,17,28,1720782210.424154
862.0,861.95,861.85,861.8,861.75,862.2,862.25,862.3,862.35,862.4,133,110,429,475,333,1248,1074,5800,2747,9185,1,2,5,8,7,15,12,21,14,31,1720782211.613409
862.05,862.0,861.95,861.9,861.85,862.2,862.25,862.3,862.35,862.4,150,5,32,38,393,1121,1074,5757,2657,9072,2,1,1,2,4,13,12,20,12,30,1720782212.616254
862.0,861.95,861.85,861.8,861.75,862.2,862.25,862.3,862.35,862.4,505,32,393,442,371,806,1074,5793,2787,9206,2,1,4,7,9,12,12,21,14,32,1720782213.82778
862.0,861.95,861.9,861.85,861.8,862.2,862.25,862.3,862.35,862.4,505,80,37,435,442,694,840,5203,2657,8796,2,1,2,5,7,11,11,19,12,28,1720782214.0229
862.0,861.85,861.8,861.75,861.7,862.2,862.25,862.3,862.35,862.4,493,393,442,444,1109,379,840,5298,3522,9026,2,4,7,8,11,6,11,22,14,33,1720782215.226727
862.0,861.95,861.85,861.8,861.75,862.15,862.2,862.25,862.3,862.35,408,50,393,568,458,15,50,840,5245,2830,2,1,4,10,9,1,5,11,22,14,1720782216.424298
862.0,861.95,861.85,861.8,861.75,862.2,862.25,862.3,862.35,862.4,103,50,457,838,514,7,840,5209,2642,9032,3,1,6,11,9,1,11,21,11,29,1720782217.634956
862.2,862.05,862.0,861.95,861.9,862.25,862.3,862.35,862.4,862.45,34,200,102,146,309,432,5107,2426,9863,1961,1,1,3,4,3,5,18,10,30,14,1720782218.824325
862.2,862.05,862.0,861.95,861.9,862.25,862.3,862.35,862.4,862.45,34,254,300,237,699,432,5075,745,4705,1635,1,2,6,7,5,5,17,5,17,7,1720782219.030751
862.05,862.0,861.95,861.9,861.85,862.1,862.2,862.25,862.3,862.35,331,319,109,359,504,1,16,432,5075,788,2,5,3,2,7,1,1,5,17,6,1720782220.0281
862.2,862.0,861.95,861.9,861.85,862.3,862.35,862.4,862.45,862.5,167,529,169,503,458,5075,745,4277,112,12599,2,7,3,5,7,17,5,19,4,63,1720782221.22323
862.25,862.2,862.0,861.95,861.9,862.3,862.35,862.4,862.45,862.5,167,33,276,203,772,4831,745,4243,333,12730,1,1,6,4,7,17,5,18,5,65,1720782222.232329
862.0,861.95,861.9,861.85,861.8,862.2,862.3,862.35,862.4,862.45,336,310,489,456,590,36,4932,824,5143,1745,2,3,4,5,10,1,19,7,29,10,1720782223.439512
862.2,862.15,862.1,862.05,862.0,862.25,862.3,862.35,862.4,862.45,53,49,33,34,85,500,4878,745,4471,1249,1,1,1,1,2,1,18,5,19,10,1720782224.431228
862.2,862.15,862.1,862.05,862.0,862.25,862.3,862.35,862.4,862.45,168,57,33,34,94,480,4878,745,4525,683,1,1,1,1,5,1,18,5,20,10,1720782225.431292
862.2,862.15,862.1,862.0,861.95,862.25,862.3,862.35,862.4,862.45,83,57,33,91,423,67,4831,745,4243,642,1,1,1,4,4,1,17,5,18,10,1720782226.641774
862.25,862.05,862.0,861.95,861.9,862.3,862.35,862.4,862.45,862.5,178,119,573,470,825,4776,745,4082,112,11550,3,3,9,4,7,15,5,16,4,62,1720782227.845744
862.45,862.4,862.25,862.15,862.1,862.5,862.55,862.6,862.65,862.7,168,1,66,77,183,10068,396,4138,4700,9865,1,1,3,2,3,56,9,19,18,21,1720782228.82909
862.45,862.4,862.3,862.25,862.2,862.5,862.55,862.6,862.65,862.7,164,1,33,66,91,9885,139,3557,4290,6137,1,1,1,3,3,56,5,13,11,20,1720782229.033146
862.4,862.3,862.25,862.2,862.15,862.5,862.55,862.6,862.65,862.7,2,67,66,5,188,9779,139,2949,4419,6165,2,2,3,1,4,57,5,14,13,20,1720782230.036517
862.45,862.4,862.3,862.25,862.2,862.5,862.55,862.6,862.65,862.7,168,1,67,122,393,8786,139,3494,4582,5637,2,1,2,4,5,49,5,12,15,20,1720782231.087573
862.45,862.35,862.3,862.25,862.2,862.5,862.55,862.6,862.65,862.7,1,54,72,390,875,7873,139,2711,1685,3647,1,1,2,6,8,49,5,10,6,12,1720782232.2328
862.35,862.25,862.2,862.15,862.1,862.5,862.55,862.6,862.65,862.7,232,156,742,166,648,6684,139,2711,1763,3467,2,3,7,4,6,48,5,10,8,12,1720782233.239724
862.35,862.25,862.2,862.15,862.1,862.5,862.55,862.6,862.65,862.7,181,80,278,54,533,5789,174,2748,1733,3491,2,2,5,1,7,37,6,10,8,14,1720782234.264007
862.45,862.25,862.2,862.15,862.1,862.5,862.55,862.6,862.65,862.7,134,80,264,77,644,4163,139,2802,537,4374,2,2,4,2,6,31,5,11,8,20,1720782235.491471
862.45,862.25,862.2,862.15,862.1,862.5,862.55,862.6,862.65,862.7,129,80,546,331,600,2696,139,2690,1785,3929,2,2,6,6,6,27,5,9,8,14,1720782236.643469
862.5,862.45,862.4,862.35,862.3,862.6,862.65,862.7,862.75,862.8,9,234,32,54,47,2156,227,2867,6072,17534,2,2,1,1,3,2,5,11,13,33,1720782237.641964
862.5,862.45,862.3,862.25,862.2,862.6,862.65,862.7,862.75,862.8,168,162,5,200,622,2123,227,2921,6042,19914,1,2,1,5,6,2,5,12,11,40,1720782238.857121
862.45,862.25,862.2,862.15,862.1,862.6,862.65,862.7,862.75,862.8,1,112,384,130,614,2061,374,3218,8934,17543,1,4,4,3,7,2,8,14,21,35,1720782239.850714
862.5,862.3,862.25,862.2,862.15,862.6,862.65,862.7,862.75,862.8,10,1,602,806,276,1643,227,2921,6076,20040,1,1,5,9,6,3,5,12,12,41,1720782240.918472
862.55,862.5,862.3,862.25,862.2,862.6,862.65,862.7,862.75,862.8,193,10,279,457,753,1597,227,2921,6032,20040,2,1,3,8,8,3,5,12,11,41,1720782241.047562
862.55,862.5,862.35,862.3,862.25,862.6,862.65,862.7,862.75,862.8,199,15,54,19,379,1143,227,2867,5998,16825,3,2,1,2,6,3,5,11,10,32,1720782242.048733
862.55,862.5,862.35,862.3,862.25,862.6,862.65,862.7,862.75,862.8,30,15,54,98,371,963,227,2867,5998,16825,1,2,1,3,6,3,5,11,10,32,1720782243.250091
862.55,862.5,862.35,862.3,862.25,862.6,862.65,862.7,862.75,862.8,30,15,54,406,413,490,185,2867,5998,16859,1,2,1,4,8,4,4,11,10,33,1720782244.503484
862.6,862.55,862.5,862.4,862.35,862.65,862.7,862.75,862.8,862.85,92,250,3,36,436,139,2633,5998,15134,566,2,2,1,2,5,3,10,10,27,12,1720782245.648004
862.5,862.35,862.3,862.25,862.2,862.6,862.65,862.7,862.75,862.8,16,245,300,648,2066,50,398,2688,5998,15351,1,4,3,10,14,1,4,12,10,31,1720782246.862528
862.5,862.35,862.3,862.25,862.2,862.6,862.65,862.7,862.75,862.8,16,191,53,161,1236,17,398,2742,6085,15507,1,3,1,5,9,1,4,13,12,32,1720782247.061317
862.25,862.2,862.15,862.1,862.05,862.6,862.65,862.7,862.75,862.8,138,928,245,1498,2000,405,793,3151,6050,17725,5,6,5,11,14,6,9,17,14,34,1720782248.291751
862.4,862.35,862.3,862.25,862.2,862.6,862.65,862.7,862.75,862.8,153,3,56,219,725,13,663,2978,6256,18329,3,1,1,4,12,1,6,15,17,33,1720782249.464009
862.15,862.1,862.05,862.0,861.95,862.3,862.35,862.4,862.45,862.5,20,3,32,317,217,52,80,384,244,913,2,1,2,9,3,1,2,3,5,11,1720782250.748955
862.35,862.3,862.25,862.2,862.15,862.45,862.5,862.55,862.6,862.65,152,3,4,4,26,45,125,633,2445,5900,3,1,2,1,2,1,2,6,14,15,1720782251.865277
862.35,862.3,862.25,862.2,862.15,862.4,862.45,862.5,862.55,862.6,152,3,4,4,5,10,45,196,633,1866,3,1,2,1,1,1,1,3,6,13,1720782252.064618
862.05,862.0,861.95,861.9,861.85,862.3,862.4,862.45,862.5,862.55,502,183,344,652,289,29,327,416,753,2176,4,5,4,6,2,1,4,6,10,9,1720782253.276063
862.15,862.1,862.0,861.95,861.9,862.3,862.35,862.4,862.45,862.5,168,62,183,311,583,212,152,564,912,2157,1,1,5,3,8,4,4,7,14,10,1720782254.465352
862.15,862.1,862.0,861.9,861.85,862.2,862.25,862.3,862.35,862.4,2,58,71,50,288,46,228,1074,157,1167,2,1,4,1,2,1,3,7,5,12,1720782255.475267
862.15,862.1,862.0,861.9,861.85,862.2,862.25,862.3,862.35,862.4,2,58,71,124,221,45,214,1123,106,1637,2,1,4,3,1,1,4,8,3,12,1720782256.481921
862.2,862.15,862.1,862.05,862.0,862.3,862.35,862.4,862.45,862.5,135,7,62,33,517,542,10,126,2112,478,1,1,1,1,9,3,1,2,8,5,1720782257.468314
862.1,862.0,861.9,861.85,861.8,862.15,862.25,862.3,862.35,862.4,42,20,129,311,1776,6,45,865,289,616,1,4,3,4,11,1,2,4,4,8,1720782258.659856
862.25,862.2,862.1,862.05,862.0,862.3,862.4,862.45,862.5,862.55,118,33,42,159,592,368,236,622,1710,2377,1,1,1,3,11,2,2,8,7,10,1720782267.555227
862.25,862.2,862.15,862.1,862.05,862.45,862.5,862.55,862.6,862.65,142,1033,66,42,308,254,1626,849,2202,4374,1,2,2,1,4,5,6,8,13,16,1720782267.57578
862.3,862.25,862.2,862.15,862.1,862.5,862.55,862.6,862.65,862.7,2,651,1091,139,409,1144,248,1112,1403,3630,1,3,4,4,6,2,3,7,5,17,1720782267.578387
862.3,862.25,862.2,862.15,862.1,862.5,862.55,862.6,862.65,862.7,2,225,1091,139,555,984,50,1058,1503,3835,1,3,4,4,10,2,3,6,7,17,1720782267.579855
862.4,862.35,862.3,862.25,862.2,862.55,862.6,862.65,862.7,862.75,113,83,243,704,1571,20,1058,1377,3595,8515,3,3,1,7,11,2,6,4,15,13,1720782267.58142
862.3,862.25,862.2,862.15,862.1,862.6,862.65,862.7,862.75,862.8,190,970,1429,862,1416,933,1377,3250,7337,5176,5,6,10,8,10,7,4,16,16,30,1720782267.582487
862.3,862.25,862.2,862.15,862.1,862.6,862.65,862.7,862.75,862.8,281,639,1593,896,1476,701,1422,3250,7311,5314,5,4,9,9,10,6,5,16,15,33,1720782267.583776
862.2,862.15,862.1,862.05,862.0,862.6,862.65,862.7,862.75,862.8,1775,874,683,705,2525,547,1768,3373,7388,5830,8,8,8,9,20,8,9,19,18,33,1720782267.584996
862.35,862.25,862.2,862.15,862.1,862.5,862.6,862.65,862.7,862.75,139,368,1297,807,873,474,493,1501,3915,7296,2,3,6,7,11,1,7,8,19,16,1720782267.873653
862.35,862.25,862.2,862.15,862.1,862.5,862.6,862.65,862.7,862.75,139,368,1292,807,887,444,493,1501,3906,7296,2,3,5,7,12,1,7,8,18,16,1720782268.069789
862.35,862.3,862.25,862.2,862.15,862.5,862.6,862.65,862.7,862.75,20,469,71,1188,764,502,571,1486,3906,7043,2,2,1,5,6,2,9,7,18,13,1720782269.074729
862.45,862.25,862.2,862.15,862.1,862.5,862.6,862.65,862.7,862.75,9,758,1279,764,784,97,453,1418,3830,7100,1,3,8,6,10,1,7,5,16,14,1720782270.087155
862.5,862.35,862.3,862.25,862.2,862.6,862.65,862.7,862.75,862.8,10,51,466,28,1294,7638,1418,3286,7100,5280,1,1,1,2,6,10,5,18,14,35,1720782271.121492
862.35,862.2,862.15,862.1,862.05,862.45,862.5,862.55,862.6,862.65,51,925,116,356,300,353,800,513,7474,1767,1,3,3,3,3,4,5,5,12,8,1720782272.076087
862.55,862.5,862.35,862.25,862.2,862.6,862.65,862.7,862.75,862.8,143,10,48,327,1091,7024,1418,3286,6835,5370,1,1,1,3,5,5,5,19,11,35,1720782273.285635
862.4,862.35,862.25,862.2,862.15,862.5,862.6,862.65,862.7,862.75,168,26,293,1051,196,500,7105,1521,3217,6864,1,1,2,7,5,1,3,7,17,12,1720782274.498414
862.45,862.35,862.25,862.2,862.15,862.5,862.6,862.65,862.7,862.75,1,31,293,1482,196,244,7134,1578,3324,6967,1,2,2,6,5,2,4,8,19,12,1720782275.51746
862.3,862.25,862.2,862.15,862.1,862.4,862.5,862.55,862.6,862.65,167,164,1482,155,376,45,244,96,7160,1568,1,1,6,5,6,1,2,2,5,8,1720782276.546359
862.4,862.35,862.25,862.2,862.15,862.5,862.6,862.65,862.7,862.75,168,7,288,1905,208,209,7155,1532,3867,7024,1,1,3,7,6,4,4,7,18,13,1720782277.480626
862.35,862.25,862.2,862.15,862.1,862.5,862.6,862.65,862.7,862.75,7,345,1821,141,949,452,6214,1257,3131,6662,1,6,7,5,12,2,6,7,14,10,1720782278.485911
862.55,862.5,862.35,862.3,862.25,862.6,862.65,862.7,862.75,862.8,88,250,7,20,303,6209,1208,3126,6767,5192,1,2,1,1,5,5,6,13,12,32,1720782279.496
862.55,862.5,862.35,862.3,862.25,862.6,862.65,862.7,862.75,862.8,63,250,7,20,234,6118,1208,3179,6953,7257,1,2,1,1,3,5,6,14,14,33,1720782280.539716
862.2,862.15,862.1,862.05,862.0,862.4,862.45,862.5,862.55,862.6,582,318,298,594,1261,52,27,54,556,6412,5,5,3,8,19,1,1,1,6,8,1720782281.563121
862.25,862.2,862.15,862.1,862.05,862.55,862.6,862.65,862.7,862.75,116,656,305,363,587,515,6361,1455,4122,7168,3,5,4,4,8,6,10,10,22,18,1720782282.488527
862.5,862.35,862.3,862.25,862.2,862.6,862.65,862.7,862.75,862.8,133,100,115,72,515,6034,1378,3162,7307,5196,2,1,1,2,7,5,9,15,17,31,1720782283.489678
862.4,862.35,862.2,862.15,862.1,862.55,862.6,862.65,862.7,862.75,5,100,177,305,483,559,6342,5901,3950,10520,2,1,3,4,6,7,10,15,19,17,1720782284.695615
862.3,862.2,862.15,862.1,862.05,862.5,862.55,862.6,862.65,862.7,2,114,317,467,1278,165,551,6190,2047,4626,1,3,5,8,11,2,5,8,9,21,1720782286.008731
862.3,862.2,862.15,862.1,862.05,862.5,862.55,862.6,862.65,862.7,170,168,324,467,1292,165,551,6109,2047,5322,2,4,6,8,12,2,5,6,9,21,1720782286.090675
862.4,862.25,862.2,862.15,862.1,862.6,862.65,862.7,862.75,862.8,42,103,347,307,936,5474,1156,4636,8098,7252,2,2,6,6,11,5,5,18,19,32,1720782287.345636
862.55,862.5,862.4,862.3,862.25,862.6,862.65,862.7,862.75,862.8,168,166,7,59,168,5464,1156,4090,8737,7180,1,3,1,2,2,6,5,17,19,31,1720782288.39812
862.55,862.5,862.4,862.25,862.2,862.6,862.65,862.7,862.75,862.8,72,62,7,453,1528,5425,1156,3928,7269,8114,1,3,1,4,11,7,5,15,17,35,1720782289.298986
862.55,862.5,862.4,862.25,862.2,862.6,862.65,862.7,862.75,862.8,54,96,7,232,888,5300,1156,3753,7216,8039,2,4,1,3,8,9,5,15,16,35,1720782290.301108
862.55,862.5,862.45,862.4,862.3,862.6,862.65,862.7,862.75,862.8,336,25,17,7,90,4940,1102,3004,6744,6008,2,1,1,1,3,9,4,14,12,32,1720782291.557139
862.55,862.5,862.35,862.3,862.25,862.6,862.65,862.7,862.75,862.8,481,25,105,210,453,5018,1102,2663,6747,5826,5,1,2,5,6,11,4,11,12,29,1720782292.801181
862.55,862.5,862.35,862.3,862.25,862.6,862.65,862.7,862.75,862.8,394,28,126,228,290,4588,1102,2663,6705,5772,7,2,4,6,5,11,4,11,11,28,1720782293.51635
862.35,862.3,862.25,862.2,862.15,862.6,862.65,862.7,862.75,862.8,786,413,333,1007,413,4141,1156,2663,6704,5772,2,4,6,10,8,11,5,11,11,28,1720782294.705551
862.55,862.5,862.35,862.3,862.25,862.6,862.65,862.7,862.75,862.8,118,1,396,326,291,3227,1102,3466,6889,6545,1,1,3,3,5,12,4,13,13,29,1720782295.794641
862.55,862.5,862.4,862.35,862.3,862.6,862.65,862.7,862.75,862.8,471,101,1,424,433,3074,1102,2663,6704,5772,3,2,1,3,6,15,4,11,11,28,1720782296.705024
862.55,862.5,862.4,862.35,862.3,862.6,862.65,862.7,862.75,862.8,225,101,1,50,362,2645,1102,2717,6650,5076,2,2,1,1,5,17,4,12,10,28,1720782297.709717
862.5,862.45,862.4,862.35,862.3,862.6,862.65,862.7,862.75,862.8,91,50,4,140,589,2185,1102,2742,6650,5022,3,1,2,3,5,17,4,13,10,27,1720782298.715623
862.5,862.45,862.4,862.35,862.3,862.55,862.6,862.65,862.7,862.75,110,53,1,222,736,5357,2197,1102,2742,6650,4,2,1,4,6,1,18,4,13,10,1720782299.707449
862.75,862.7,862.65,862.6,862.55,862.8,862.85,862.9,862.95,863.0,585,424,819,1101,646,1481,162,7145,192,235678,6,4,5,7,10,11,7,35,15,274,1720782300.916524
862.9,862.85,862.8,862.75,862.7,863.0,863.05,863.1,863.15,863.2,296,736,1550,315,875,224773,57,3174,123,4564,5,7,8,2,7,162,3,9,4,13,1720782301.921051
862.95,862.85,862.8,862.75,862.7,863.0,863.05,863.1,863.15,863.2,1606,207,931,377,1077,224233,46,3174,60,4433,7,4,8,4,7,155,3,9,3,11,1720782302.708094
862.8,862.75,862.7,862.65,862.6,862.95,863.0,863.05,863.1,863.15,542,250,64,64,70,664,224667,987,3425,3340,5,1,1,1,2,7,159,9,11,9,1720782304.024448
862.95,862.9,862.85,862.8,862.75,863.0,863.05,863.1,863.15,863.2,5,57,88,122,276,223591,46,3174,60,4406,1,1,1,2,2,154,3,9,3,11,1720782305.01075
862.95,862.85,862.8,862.75,862.7,863.0,863.05,863.1,863.15,863.2,284,76,46,258,729,223475,46,3228,6,4634,3,1,1,2,6,155,3,10,2,12,1720782306.026776
862.95,862.85,862.7,862.65,862.6,863.0,863.05,863.1,863.15,863.2,1,76,63,557,1438,223466,100,3402,86,4750,1,1,2,7,10,156,4,10,4,14,1720782306.915862
862.65,862.6,862.55,862.5,862.45,862.95,863.0,863.05,863.1,863.15,57,184,819,1403,636,190,223736,440,3458,386,2,4,8,9,8,3,159,9,12,6,1720782307.981764
862.65,862.6,862.55,862.5,862.45,862.9,862.95,863.0,863.05,863.1,313,84,193,307,191,287,422,222828,440,3407,2,2,7,3,5,1,3,155,9,11,1720782308.920861
862.55,862.5,862.3,862.25,862.2,862.65,862.7,862.75,862.8,862.85,19,58,445,118,813,146,1091,829,2457,675,2,1,3,3,8,2,10,7,9,7,1720782310.030705
862.25,862.2,862.15,862.1,862.05,862.55,862.6,862.65,862.7,862.75,24,64,306,844,1028,465,1401,358,2402,492,2,3,4,5,8,4,10,6,12,6,1720782310.916319
859.55,859.5,859.45,859.35,859.3,859.65,859.7,859.75,859.8,859.85,1,7,11,1,511,333,660,1151,1552,2077,1,1,2,1,6,3,4,7,12,13,1720788830.850048
859.6,859.5,859.45,859.4,859.35,859.65,859.7,859.75,859.8,859.85,2,6,10,57,344,251,381,923,1561,2082,1,1,1,1,3,4,2,6,13,14,1720788831.550317
859.6,859.45,859.4,859.35,859.3,859.65,859.7,859.75,859.8,859.85,2,10,57,344,663,182,381,923,1561,1678,1,1,1,3,5,4,2,6,13,13,1720788832.541486
859.6,859.45,859.4,859.35,859.3,859.65,859.7,859.75,859.8,859.85,1,10,111,639,663,61,381,923,1552,1678,1,1,2,5,5,4,2,6,12,13,1720788833.542273
859.6,859.45,859.4,859.35,859.3,859.65,859.7,859.75,859.8,859.85,2,10,111,584,668,38,381,808,1537,1758,1,1,2,4,6,3,2,4,11,14,1720788834.743638
859.45,859.35,859.3,859.25,859.2,859.6,859.65,859.7,859.75,859.8,10,67,59,794,774,285,50,658,1225,1484,1,1,2,6,8,1,4,4,8,10,1720788835.740636
859.55,859.3,859.25,859.2,859.15,859.6,859.65,859.7,859.75,859.8,10,116,787,726,674,215,50,658,1323,1105,1,2,5,8,7,2,4,4,11,9,1720788836.744877
859.55,859.5,859.3,859.25,859.2,859.6,859.65,859.7,859.75,859.8,10,1,116,794,719,95,50,658,1267,1105,1,1,2,6,7,2,4,4,9,9,1720788837.742818
859.65,859.6,859.55,859.5,859.45,859.85,859.9,859.95,860.0,860.05,1,260,426,353,942,1,444,1292,12038,1264,1,2,5,4,10,1,4,11,164,12,1720788880.947337
859.75,859.7,859.65,859.6,859.55,859.85,859.9,859.95,860.0,860.05,228,162,653,456,593,1,445,1128,11895,778,1,2,5,5,6,1,5,7,161,9,1720788881.141521
859.75,859.7,859.65,859.6,859.55,859.9,859.95,860.0,860.05,860.1,193,162,653,456,631,442,1128,11845,374,11242,1,2,5,5,7,5,7,160,7,15,1720788882.144698
859.65,859.6,859.55,859.5,859.45,859.9,859.95,860.0,860.05,860.1,577,565,756,1668,1003,392,1154,11845,374,11242,4,6,8,9,10,5,8,160,7,15,1720788883.142982
859.8,859.65,859.6,859.55,859.5,859.85,859.9,859.95,860.0,860.05,3,576,565,756,1664,1,391,1154,11853,374,1,3,6,8,8,1,5,8,161,7,1720788884.34411
859.85,859.8,859.65,859.6,859.55,859.9,859.95,860.0,860.05,860.1,1,3,576,565,756,357,941,11850,374,11242,1,1,3,6,8,5,7,161,7,15,1720788885.545636
859.85,859.8,859.65,859.6,859.55,859.9,859.95,860.0,860.05,860.1,1,3,576,565,756,209,1341,11850,324,11242,1,1,3,6,8,3,8,161,5,15,1720788886.358023
859.85,859.8,859.7,859.65,859.6,859.9,859.95,860.0,860.05,860.1,7,3,53,576,520,208,1341,11743,474,11528,1,1,1,3,7,3,8,160,6,18,1720788887.348122
859.85,859.8,859.7,859.65,859.6,859.9,859.95,860.0,860.05,860.1,6,3,53,577,615,156,1341,11743,474,11300,1,1,1,4,8,3,8,160,6,17,1720788888.347578
859.85,859.7,859.65,859.6,859.55,859.9,859.95,860.0,860.05,860.1,7,53,577,615,805,135,1341,11743,393,11300,1,1,4,8,8,3,8,160,5,17,1720788889.548922
859.7,859.65,859.6,859.55,859.5,859.95,860.0,860.05,860.1,860.15,160,652,707,805,1688,417,11743,270,11292,871,3,5,10,8,9,2,160,4,16,11,1720788890.349383
859.85,859.7,859.65,859.6,859.55,859.95,860.0,860.05,860.1,860.15,3,413,652,663,733,290,11743,324,12383,1129,1,4,5,8,8,1,160,5,17,11,1720788891.554868
859.85,859.75,859.7,859.65,859.6,859.95,860.0,860.05,860.1,860.15,2,1,413,652,595,256,11743,324,12383,1129,1,1,4,5,7,1,160,5,17,11,1720788892.65103
859.85,859.75,859.7,859.65,859.6,859.95,860.0,860.05,860.1,860.15,2,1,402,663,595,200,11743,324,12383,1129,1,1,3,6,7,1,160,5,17,11,1720788893.617342
859.9,859.85,859.75,859.7,859.65,859.95,860.0,860.05,860.1,860.15,2,2,1,348,636,199,11524,324,12388,1129,1,1,1,2,6,1,159,5,18,11,1720788894.743229
859.7,859.65,859.6,859.55,859.5,859.95,860.0,860.05,860.1,860.15,144,636,562,502,1268,275,11793,447,12388,1138,1,6,8,4,10,3,161,6,18,12,1720788895.554909
859.7,859.65,859.6,859.55,859.5,859.95,860.0,860.05,860.1,860.15,154,381,307,637,601,135,11755,451,12391,1076,2,5,7,6,8,2,160,7,17,10,1720788896.468694
859.85,859.65,859.6,859.55,859.5,859.9,859.95,860.0,860.05,860.1,8,381,283,670,601,1,83,11750,448,12391,2,5,6,6,8,1,3,160,6,17,1720788897.355872
859.85,859.7,859.65,859.6,859.55,859.95,860.0,860.05,860.1,860.15,6,56,388,283,670,59,11524,448,12391,1084,1,1,6,6,6,2,159,6,17,11,1720788898.365091
859.85,859.8,859.7,859.65,859.6,859.95,860.0,860.05,860.1,860.15,6,50,56,388,283,59,11634,448,12391,1084,1,1,1,6,6,2,161,6,17,11,1720788899.355864
859.85,859.8,859.7,859.65,859.6,859.95,860.0,860.05,860.1,860.15,5,50,56,388,283,58,11535,448,12391,1084,1,1,1,6,6,2,160,6,17,11,1720788900.556909
859.9,859.85,859.8,859.7,859.65,860.0,860.05,860.1,860.15,860.2,31,5,50,111,435,11535,228,12299,1067,1210,1,1,1,3,7,160,5,15,9,15,1720788901.557478
859.9,859.85,859.8,859.75,859.7,860.0,860.05,860.1,860.15,860.2,19,81,54,229,171,11334,51,12294,1301,1344,1,1,2,2,4,160,3,14,9,14,1720788902.56904
859.9,859.8,859.75,859.7,859.65,860.0,860.05,860.1,860.15,860.2,31,54,234,178,369,11151,51,12294,1247,1344,1,2,3,4,6,160,3,14,8,14,1720788903.557474
859.9,859.8,859.75,859.7,859.65,859.95,860.0,860.05,860.1,860.15,31,50,233,122,366,148,10951,334,12277,1306,1,1,2,3,6,2,159,5,14,10,1720788904.557647
859.75,859.7,859.65,859.6,859.55,859.95,860.0,860.05,860.1,860.15,5,1,366,331,724,81,10971,339,12335,1315,1,1,6,5,7,3,160,6,17,11,1720788905.765582
859.75,859.7,859.65,859.6,859.55,859.95,860.0,860.05,860.1,860.15,5,1,366,331,724,26,10971,339,12288,1444,1,1,6,5,7,1,160,6,14,13,1720788906.868927
859.85,859.8,859.75,859.7,859.65,860.0,860.05,860.1,860.15,860.2,3,1,5,1,382,10920,365,12254,1315,1492,1,1,1,1,5,159,7,15,11,16,1720788907.761717
859.85,859.8,859.75,859.7,859.65,860.0,860.05,860.1,860.15,860.2,3,1,233,131,428,10753,306,12242,1315,1398,1,1,2,3,7,156,5,13,11,15,1720788908.964907
859.85,859.8,859.75,859.7,859.65,860.0,860.05,860.1,860.15,860.2,1,1,5,131,428,10652,306,12242,1310,1421,1,1,1,3,7,155,5,13,10,17,1720788909.972157
859.85,859.8,859.75,859.7,859.65,860.0,860.05,860.1,860.15,860.2,1,1,5,131,428,10652,306,12242,1310,1471,1,1,1,3,7,155,5,13,10,19,1720788910.766702
859.85,859.75,859.7,859.65,859.6,860.0,860.05,860.1,860.15,860.2,1,5,1,424,380,10652,360,12250,1310,1478,1,1,1,6,7,155,6,14,10,19,1720788911.361198
859.9,859.75,859.7,859.65,859.6,860.0,860.05,860.1,860.15,860.2,1,5,125,424,380,10588,77,12242,1310,1482,1,1,3,6,7,147,4,13,10,19,1720788912.472316
859.9,859.75,859.7,859.65,859.6,860.0,860.05,860.1,860.15,860.2,1,5,125,424,380,10539,77,12242,1310,1436,1,1,3,6,7,145,4,13,10,18,1720788913.584804
859.7,859.65,859.6,859.55,859.5,859.95,860.0,860.05,860.1,860.15,5,402,153,481,526,1,10269,458,12475,2015,1,7,2,4,6,1,133,8,15,14,1720788919.566742
859.65,859.6,859.55,859.5,859.45,859.85,859.95,860.0,860.05,860.1,363,54,478,476,993,1,358,10021,704,12728,4,1,4,6,10,1,2,126,11,19,1720788925.581522
859.85,859.8,859.65,859.6,859.55,860.0,860.05,860.1,860.15,860.2,9,5,69,75,490,9885,1108,11485,1174,2147,1,1,1,2,5,123,14,18,11,15,1720788932.099684
859.95,859.85,859.7,859.65,859.6,860.0,860.05,860.1,860.15,860.2,6,17,115,179,420,8878,522,11952,1519,2935,1,2,3,4,4,116,7,16,16,18,1720788938.301575
859.75,859.6,859.55,859.5,859.45,859.9,859.95,860.0,860.05,860.1,3,23,140,464,690,107,785,9787,1880,12197,1,1,3,7,7,2,9,123,17,20,1720788944.406013
859.8,859.75,859.7,859.65,859.6,859.95,860.0,860.05,860.1,860.15,37,10,58,127,507,389,8984,1012,10770,1587,1,1,1,2,6,4,115,11,15,18,1720788950.652302
859.85,859.8,859.75,859.7,859.65,859.9,860.0,860.05,860.1,860.15,64,93,344,177,785,57,8445,375,11546,732,1,2,3,3,9,1,73,5,12,6,1720788956.511567
859.95,859.9,859.8,859.75,859.7,860.0,860.05,860.1,860.15,860.2,506,37,110,357,345,7561,375,11313,732,1446,5,2,2,4,5,53,5,11,6,12,1720788962.226014
859.9,859.8,859.75,859.7,859.65,860.0,860.05,860.1,860.15,860.2,65,133,344,172,708,2396,375,11346,1069,1209,1,2,3,3,8,15,5,12,8,11,1720788968.520698
859.9,859.8,859.75,859.7,859.65,860.0,860.05,860.1,860.15,860.2,67,133,344,54,780,1837,375,11385,1069,1437,1,2,3,1,8,16,5,14,8,12,1720788973.723511
859.9,859.8,859.75,859.7,859.65,860.0,860.05,860.1,860.15,860.2,62,133,404,275,724,1804,375,11372,1069,1396,1,2,4,2,8,16,5,13,8,12,1720788974.928935
859.95,859.9,859.8,859.75,859.7,860.0,860.05,860.1,860.15,860.2,1,62,133,404,275,1271,375,11318,1069,1396,1,1,2,4,2,9,5,12,8,12,1720788975.931457
859.95,859.9,859.85,859.8,859.75,860.0,860.05,860.1,860.15,860.2,1,62,91,133,404,1294,375,11318,1069,1396,1,1,1,2,4,9,5,12,8,12,1720788976.521905
859.95,859.9,859.85,859.8,859.75,860.0,860.05,860.1,860.15,860.2,3,62,91,133,404,1157,375,11313,1069,1391,3,1,1,2,4,9,5,11,8,11,1720788977.527364
859.9,859.8,859.75,859.7,859.65,860.0,860.05,860.1,860.15,860.2,28,166,404,275,945,1074,375,11313,1070,1391,1,3,4,2,9,9,5,11,9,11,1720788978.728262
859.9,859.8,859.75,859.7,859.65,860.0,860.05,860.1,860.15,860.2,67,166,404,275,945,974,375,11313,1070,1391,1,3,4,2,9,9,5,11,9,11,1720788979.731056
859.95,859.9,859.85,859.8,859.75,860.0,860.05,860.1,860.15,860.2,527,67,72,166,417,640,375,11313,1070,1391,2,1,1,3,5,9,5,11,9,11,1720788980.737818
860.0,859.95,859.9,859.85,859.8,860.05,860.1,860.15,860.2,860.25,500,526,121,282,177,375,11313,843,1096,595,1,2,2,2,5,5,11,8,8,11,1720788981.728831
860.0,859.95,859.9,859.85,859.8,860.05,860.1,860.15,860.2,860.25,33,526,67,228,171,247,11313,843,1742,599,1,2,1,1,4,2,11,8,12,12,1720788982.728052
860.0,859.95,859.9,859.85,859.8,860.05,860.1,860.15,860.2,860.25,500,527,67,282,171,171,11313,843,1724,542,1,3,1,2,4,2,11,8,10,10,1720788983.935428
860.0,859.95,859.9,859.85,859.8,860.05,860.1,860.15,860.2,860.25,477,527,67,282,171,57,11313,843,1724,542,2,3,1,2,4,2,11,8,10,10,1720788984.956417
860.0,859.95,859.9,859.85,859.8,860.05,860.1,860.15,860.2,860.25,482,526,67,282,171,54,11313,843,1724,542,3,2,1,2,4,2,11,8,10,10,1720788985.939637
860.0,859.95,859.9,859.8,859.75,860.05,860.1,860.15,860.2,860.25,232,526,126,113,336,51,11313,843,1742,578,3,2,2,3,3,2,11,8,12,10,1720788987.136617
860.05,860.0,859.95,859.9,859.8,860.1,860.15,860.2,860.25,860.3,7,232,526,126,113,11313,843,1742,578,1194,1,3,2,2,3,11,8,12,10,13,1720788987.339194
860.0,859.95,859.9,859.8,859.75,860.1,860.15,860.2,860.25,860.3,226,526,126,113,342,11313,896,1752,916,1085,3,2,2,3,4,11,9,11,12,12,1720788988.341201
860.0,859.95,859.9,859.8,859.75,860.1,860.15,860.2,860.25,860.3,226,526,126,113,355,10746,896,1523,624,1085,3,2,2,3,5,4,9,10,11,12,1720788989.537277
860.0,859.95,859.9,859.8,859.75,860.1,860.15,860.2,860.25,860.3,126,526,126,113,336,10675,896,1655,624,1085,3,2,2,3,3,4,9,11,11,12,1720788990.545994
860.05,860.0,859.95,859.9,859.8,860.1,860.15,860.2,860.25,860.3,10,126,526,126,113,10640,843,1708,624,1085,1,3,2,2,3,4,8,12,11,12,1720788991.537054
860.05,860.0,859.95,859.9,859.8,860.1,860.15,860.2,860.25,860.3,10,126,526,127,113,10638,843,1708,934,1085,1,3,2,3,3,4,8,12,12,12,1720788992.539216
860.05,860.0,859.95,859.9,859.8,860.1,860.15,860.2,860.25,860.3,8,126,526,127,120,10480,843,1708,825,1194,1,3,2,3,4,4,8,12,11,13,1720788993.533194
860.05,860.0,859.95,859.9,859.8,860.1,860.15,860.2,860.25,860.3,1,43,526,127,134,10436,843,1708,812,1194,1,3,2,3,5,4,8,12,10,13,1720788994.534478
860.0,859.95,859.9,859.8,859.75,860.1,860.15,860.2,860.25,860.3,48,526,127,134,336,10293,843,1708,812,1194,4,2,3,5,3,4,8,12,10,13,1720788995.538898
860.0,859.95,859.9,859.85,859.8,860.1,860.15,860.2,860.25,860.3,54,526,127,90,127,10164,843,1703,465,1188,5,2,3,1,4,4,8,11,9,12,1720788996.740101
860.05,860.0,859.95,859.9,859.85,860.1,860.15,860.2,860.25,860.3,7,54,526,127,235,10099,843,1703,494,1188,1,5,2,3,2,5,8,11,9,12,1720788997.739209
860.0,859.95,859.9,859.85,859.8,860.1,860.15,860.2,860.25,860.3,519,547,176,282,113,10062,843,1736,527,1180,5,4,4,2,3,5,8,11,9,11,1720788998.742496
860.0,859.95,859.9,859.85,859.8,860.1,860.15,860.2,860.25,860.3,519,526,176,289,127,10029,843,1510,624,1559,5,2,4,3,4,5,8,10,11,16,1720788999.751529
860.0,859.95,859.9,859.85,859.8,860.05,860.1,860.15,860.2,860.25,433,526,176,228,113,1,9994,883,1523,624,4,2,4,1,3,1,5,9,11,11,1720789000.742156
860.0,859.95,859.9,859.85,859.8,860.1,860.15,860.2,860.25,860.3,438,526,176,228,113,9877,883,1510,624,1572,5,2,4,1,3,5,9,10,11,17,1720789001.742835
860.0,859.95,859.9,859.85,859.8,860.05,860.1,860.15,860.2,860.25,388,526,176,228,113,112,9877,883,1510,624,5,2,4,1,3,1,5,9,10,11,1720789002.948301
860.0,859.95,859.9,859.85,859.8,860.05,860.1,860.15,860.2,860.25,388,526,176,228,113,45,9877,883,1510,624,5,2,4,1,3,1,5,9,10,11,1720789003.94934
860.0,859.95,859.9,859.85,859.8,860.05,860.1,860.15,860.2,860.25,388,526,176,228,113,45,9877,883,1510,724,5,2,4,1,3,1,5,9,10,12,1720789004.543839
860.05,860.0,859.95,859.9,859.85,860.1,860.15,860.2,860.25,860.3,956,387,526,176,282,9877,883,1403,594,1191,2,5,2,4,2,5,9,8,10,13,1720789005.542863
860.0,859.95,859.9,859.8,859.75,860.1,860.15,860.2,860.25,860.3,6,351,176,75,54,9738,1149,1824,1610,1185,1,1,4,1,1,5,12,13,15,13,1720789006.544212
860.05,860.0,859.95,859.9,859.8,860.1,860.15,860.2,860.25,860.3,7,6,351,176,75,9712,1099,1811,1312,1198,1,2,1,4,1,5,11,12,14,14,1720789007.543756
860.0,859.95,859.9,859.8,859.75,860.1,860.15,860.2,860.25,860.3,6,351,176,75,282,9676,1119,1811,1745,1185,2,1,4,1,2,5,13,12,14,13,1720789008.610474
860.0,859.95,859.9,859.8,859.75,860.1,860.15,860.2,860.25,860.3,5,351,176,75,282,9741,1099,1824,1312,1185,2,1,4,1,2,6,11,13,14,13,1720789009.751033
860.0,859.95,859.9,859.8,859.75,860.05,860.1,860.15,860.2,860.25,3,351,176,75,282,1,9716,1099,1824,1312,2,1,4,1,2,1,7,11,13,14,1720789010.954596
860.0,859.95,859.9,859.8,859.75,860.1,860.15,860.2,860.25,860.3,6,351,176,75,343,9664,1099,2053,1312,1185,1,1,4,1,3,7,11,14,14,13,1720789011.749507
859.95,859.9,859.8,859.75,859.7,860.0,860.1,860.15,860.2,860.25,351,176,75,115,109,211,9588,937,2053,1312,1,4,1,2,1,1,7,10,14,14,1720789012.819167
859.95,859.9,859.85,859.8,859.75,860.0,860.1,860.15,860.2,860.25,351,176,76,75,54,207,9562,937,2053,1312,1,4,1,1,1,1,6,10,14,14,1720789013.754048
859.95,859.9,859.8,859.75,859.7,860.0,860.1,860.15,860.2,860.25,351,176,75,54,178,186,9562,937,2053,1312,1,4,1,1,3,1,6,10,14,14,1720789014.350209
859.95,859.9,859.85,859.8,859.75,860.0,860.1,860.15,860.2,860.25,351,176,72,75,54,1127,9662,1287,2153,1292,1,4,1,1,1,2,9,13,14,13,1720789015.549164
859.95,859.9,859.85,859.8,859.75,860.0,860.1,860.15,860.2,860.25,352,176,86,75,353,1470,9562,1104,2153,1259,2,4,1,1,4,3,6,10,14,13,1720789016.552328
859.95,859.9,859.8,859.75,859.7,860.0,860.1,860.15,860.2,860.25,352,176,75,346,226,1664,9562,1158,2053,1312,2,4,1,3,5,5,6,11,14,14,1720789017.551237
859.9,859.85,859.8,859.75,859.7,860.0,860.1,860.15,860.2,860.25,128,81,33,373,285,1421,9788,1111,2040,1318,3,1,1,5,7,6,8,11,13,14,1720789018.756182
859.9,859.85,859.8,859.75,859.7,860.0,860.1,860.15,860.2,860.25,128,151,33,360,278,1698,9788,1124,2040,1305,3,2,1,4,6,8,8,12,13,13,1720789019.758608
859.9,859.85,859.8,859.75,859.7,859.95,860.0,860.1,860.15,860.2,128,66,33,360,278,1,1665,9842,1124,2040,3,1,1,4,6,1,8,9,12,13,1720789020.872361
859.9,859.85,859.8,859.75,859.7,860.0,860.1,860.15,860.2,860.25,164,66,33,367,119,1667,9788,1111,853,2031,3,1,1,5,5,9,8,11,12,15,1720789021.761713
859.9,859.85,859.8,859.75,859.7,860.0,860.1,860.15,860.2,860.25,164,66,33,367,181,1568,9788,1124,1265,2018,3,1,1,5,6,9,8,12,13,14,1720789022.813685
859.9,859.85,859.8,859.75,859.7,860.0,860.1,860.15,860.2,860.25,234,8,33,425,181,1502,9788,1124,1222,2018,4,1,1,6,6,10,8,12,12,14,1720789023.959629
859.9,859.85,859.75,859.7,859.65,860.0,860.1,860.15,860.2,860.25,229,8,133,52,324,1468,10083,1165,1265,2018,4,1,2,3,4,10,11,12,13,14,1720789024.761356
859.9,859.85,859.75,859.7,859.65,859.95,860.0,860.1,860.15,860.2,229,8,133,60,389,101,1468,10083,1165,1265,4,1,2,3,5,1,10,11,12,13,1720789025.767117
859.9,859.85,859.75,859.7,859.65,859.95,860.0,860.1,860.15,860.2,224,8,133,61,389,52,1468,10083,1125,853,4,1,2,4,5,2,10,11,11,12,1720789026.764818
859.95,859.9,859.85,859.75,859.7,860.0,860.1,860.15,860.2,860.25,2,222,91,167,61,1416,9734,1125,853,2018,2,4,2,3,4,10,10,11,12,14,1720789027.763179
859.95,859.9,859.85,859.75,859.7,860.0,860.1,860.15,860.2,860.25,60,173,8,167,61,1316,9721,1125,1221,2018,3,4,1,3,4,10,9,11,13,14,1720789028.870436
859.95,859.9,859.85,859.75,859.7,860.0,860.05,860.1,860.15,860.2,60,426,8,199,120,1183,76,9721,1118,1365,3,6,1,4,4,9,1,9,10,15,1720789029.765295
859.95,859.9,859.85,859.8,859.75,860.0,860.1,860.15,860.2,860.25,60,426,8,42,187,684,9662,1064,1043,2059,3,6,1,1,3,7,7,9,15,15,1720789030.766441
859.95,859.9,859.85,859.8,859.75,860.0,860.1,860.15,860.2,860.25,60,318,137,98,415,585,9662,1064,1420,2052,3,4,3,2,4,7,7,9,15,14,1720789031.767499
859.95,859.9,859.85,859.8,859.75,860.0,860.1,860.15,860.2,860.25,52,318,137,98,415,484,9662,1064,1432,2052,2,4,3,2,4,7,7,9,16,14,1720789032.768575
859.95,859.9,859.85,859.8,859.75,860.0,860.1,860.15,860.2,860.25,35,319,62,158,427,414,9493,1114,855,1298,2,5,3,3,5,4,7,10,10,11,1720789038.770937
859.9,859.85,859.8,859.75,859.7,860.0,860.1,860.15,860.2,860.25,321,142,68,399,127,193,9373,1060,1262,1527,6,3,2,4,4,2,7,9,13,15,1720789044.36411
860.0,859.95,859.9,859.85,859.8,860.1,860.15,860.2,860.25,860.3,488,230,155,543,557,9260,843,796,1255,816,2,3,6,7,7,6,8,8,10,9,1720789050.184845
860.0,859.9,859.85,859.8,859.75,860.1,860.15,860.2,860.25,860.3,560,81,13,208,605,1269,843,790,1438,1764,5,3,2,2,9,7,8,12,12,14,1720789056.68412
859.9,859.85,859.8,859.75,859.7,860.0,860.1,860.15,860.2,860.25,31,8,283,460,2,855,1059,1069,1573,1720,3,1,3,6,1,1,10,9,19,13,1720789062.676035
859.9,859.8,859.75,859.7,859.65,860.0,860.1,860.15,860.2,860.25,7,503,439,81,439,771,951,1069,2636,1387,1,4,5,4,7,5,8,9,19,13,1720789068.492153
860.0,859.95,859.85,859.8,859.75,860.1,860.15,860.2,860.25,860.3,1099,4,282,511,505,817,843,1962,1257,2148,5,2,2,5,8,8,8,12,11,19,1720789074.295822
860.05,860.0,859.9,859.85,859.8,860.1,860.15,860.2,860.25,860.3,8,1090,54,289,618,879,843,1852,1427,1173,2,8,1,3,5,11,8,12,13,12,1720789080.188112
860.05,860.0,859.95,859.9,859.85,860.1,860.15,860.2,860.25,860.3,1,1112,59,134,233,419,843,1797,1365,1044,1,9,1,3,2,3,8,11,11,10,1720789085.491161
860.0,859.95,859.9,859.85,859.8,860.1,860.15,860.2,860.25,860.3,1298,59,88,5,697,399,807,1851,1426,1224,11,1,2,1,7,3,8,12,13,14,1720789091.098908
860.0,859.95,859.9,859.85,859.8,860.1,860.15,860.2,860.25,860.3,2248,59,88,5,650,330,807,1851,1426,1224,12,1,2,1,7,5,8,12,13,14,1720789093.301902
860.0,859.95,859.9,859.85,859.8,860.1,860.15,860.2,860.25,860.3,2248,59,88,233,650,297,807,1851,1426,1224,12,1,2,2,7,5,8,12,13,14,1720789093.901748
860.0,859.95,859.9,859.85,859.8,860.1,860.15,860.2,860.25,860.3,2298,59,88,233,650,196,807,1797,1426,1224,13,1,2,2,7,3,8,11,13,14,1720789094.728557
860.05,860.0,859.9,859.85,859.8,860.1,860.15,860.2,860.25,860.3,2,2298,54,285,650,196,807,1797,1419,1224,2,13,1,3,7,3,8,11,12,14,1720789095.547476
860.05,860.0,859.9,859.85,859.8,860.1,860.15,860.2,860.25,860.3,1,2304,54,285,650,232,807,1964,1473,1123,1,14,1,3,7,6,8,14,13,13,1720789096.695346
860.1,860.05,860.0,859.9,859.85,860.15,860.2,860.25,860.3,860.35,6,1,2304,108,285,695,1855,1419,1195,1372,1,1,14,2,3,8,13,12,12,20,1720789097.69809
860.1,860.05,860.0,859.9,859.85,860.15,860.2,860.25,860.3,860.35,7,1,2304,108,285,662,1855,1419,1503,1372,1,1,14,2,3,8,13,12,13,20,1720789098.902972
860.05,860.0,859.85,859.8,859.75,860.15,860.2,860.25,860.3,860.35,52,2203,246,711,375,662,1855,1419,1503,1493,1,15,3,9,4,8,13,12,13,22,1720789100.155861
860.05,860.0,859.9,859.85,859.8,860.15,860.2,860.25,860.3,860.35,52,2203,54,246,774,661,1855,1419,1503,1486,1,15,1,3,10,8,13,12,13,21,1720789100.975577
860.1,860.05,860.0,859.9,859.85,860.15,860.2,860.25,860.3,860.35,3,52,2203,54,246,627,1822,1419,1503,1448,1,1,15,1,3,8,12,12,13,20,1720789101.494993
860.1,860.05,860.0,859.9,859.85,860.15,860.2,860.25,860.3,860.35,3,52,2203,105,246,626,1822,1719,1503,1448,1,1,15,2,3,8,12,13,13,20,1720789102.501038
860.05,860.0,859.9,859.85,859.8,860.15,860.2,860.25,860.3,860.35,47,2203,105,245,711,546,1822,1665,1352,1691,1,15,2,3,9,8,12,12,11,24,1720789103.702232
860.05,860.0,859.9,859.85,859.8,860.15,860.2,860.25,860.3,860.35,47,1203,115,245,704,545,1822,1665,1352,1691,1,14,3,3,8,8,12,12,11,24,1720789104.763637
860.1,860.05,860.0,859.9,859.85,860.15,860.2,860.25,860.3,860.35,1,47,1203,115,307,545,1822,1665,1352,1608,1,1,14,3,4,8,12,12,11,23,1720789105.992766
860.05,860.0,859.9,859.85,859.8,860.15,860.2,860.25,860.3,860.35,15,1209,10,295,754,544,1822,1719,1493,1572,1,15,1,3,8,7,12,13,14,23,1720789107.016619
860.1,860.05,860.0,859.9,859.85,860.15,860.2,860.25,860.3,860.35,7,15,1209,64,307,493,1823,1665,1352,1695,1,1,15,2,4,7,13,12,11,24,1720789108.10669
860.1,860.05,860.0,859.9,859.85,860.15,860.2,860.25,860.3,860.35,7,15,1209,10,245,455,1849,1719,1493,1528,1,1,15,1,3,7,14,13,14,21,1720789109.122235
860.0,859.9,859.85,859.8,859.75,860.15,860.2,860.25,860.3,860.35,950,10,245,760,551,460,1849,1719,1517,1566,15,1,3,9,7,8,14,13,15,22,1720789110.111308
859.8,859.6,859.55,859.5,859.45,859.95,860.0,860.05,860.1,860.15,10,200,614,1208,1115,135,1097,1239,1490,1745,1,3,4,8,10,3,8,13,16,16,1720789111.318403
859.8,859.6,859.55,859.5,859.45,859.95,860.0,860.05,860.1,860.15,10,188,614,1208,1127,341,1427,1566,1786,1418,1,2,4,8,11,4,9,14,17,15,1720789111.512125
859.8,859.65,859.6,859.55,859.5,859.95,860.0,860.05,860.1,860.15,80,6,320,712,1215,231,1246,1436,1725,1385,2,1,5,6,9,2,8,12,16,15,1720789112.546204
859.8,859.65,859.6,859.55,859.5,859.95,860.0,860.05,860.1,860.15,80,6,320,764,1215,79,1177,1267,1725,1385,2,1,5,7,9,2,7,11,16,15,1720789113.715421
859.9,859.8,859.7,859.65,859.6,860.0,860.05,860.1,860.15,860.2,2,80,12,288,804,617,800,1631,768,2974,1,2,1,3,9,3,6,12,13,24,1720789114.798683
859.95,859.8,859.7,859.65,859.6,860.0,860.05,860.1,860.15,860.2,1,71,55,313,622,512,800,1595,1063,2991,1,2,2,4,7,3,6,11,14,24,1720789115.715582
859.95,859.8,859.7,859.65,859.6,860.0,860.05,860.1,860.15,860.2,1,71,67,539,622,357,800,1376,1063,2914,1,2,3,6,7,3,6,10,14,22,1720789116.744529
859.8,859.7,859.65,859.6,859.55,860.0,860.05,860.1,860.15,860.2,71,55,539,634,935,202,750,1412,1075,2914,2,2,6,8,9,2,5,11,15,22,1720789117.711563
859.8,859.7,859.65,859.6,859.55,860.0,860.05,860.1,860.15,860.2,71,34,533,622,981,169,494,1424,1063,3030,2,1,5,7,10,2,5,12,14,23,1720789118.718303
859.8,859.75,859.7,859.65,859.6,860.0,860.05,860.1,860.15,860.2,71,54,145,533,634,169,488,1184,1069,3042,2,1,2,5,8,2,4,10,15,24,1720789119.816353
859.85,859.8,859.75,859.7,859.65,860.0,860.05,860.1,860.15,860.2,663,609,515,407,1395,102,357,331,685,1840,7,6,5,9,9,2,2,3,10,16,1720789120.9277
860.0,859.95,859.9,859.85,859.8,860.05,860.1,860.15,860.2,860.25,29,7,216,744,541,225,331,685,1674,1561,2,1,2,9,7,1,3,10,14,11,1720789121.967218
860.05,860.0,859.95,859.9,859.85,860.1,860.15,860.2,860.25,860.3,19,27,7,216,744,301,458,1961,1568,816,1,2,1,2,9,2,9,15,12,9,1720789123.119717
859.95,859.9,859.85,859.8,859.75,860.1,860.15,860.2,860.25,860.3,7,177,671,328,555,206,458,1961,1847,944,1,2,8,5,8,1,9,15,12,12,1720789124.219543
859.95,859.9,859.85,859.8,859.75,860.0,860.1,860.15,860.2,860.25,7,177,616,212,608,479,206,458,2015,1860,1,2,6,3,9,1,1,9,16,13,1720789125.3312
859.95,859.9,859.85,859.8,859.75,860.0,860.1,860.15,860.2,860.25,7,177,616,212,608,476,206,458,2015,1574,1,2,6,3,9,2,1,9,16,12,1720789125.520197
859.95,859.9,859.85,859.8,859.75,860.0,860.1,860.15,860.2,860.25,7,177,616,212,499,283,206,458,2015,1561,1,2,6,3,8,2,1,9,16,11,1720789126.779856
859.85,859.8,859.75,859.7,859.65,860.0,860.1,860.15,860.2,860.25,648,212,479,173,1409,50,211,691,2015,1579,4,3,6,3,13,2,2,10,16,13,1720789127.73839
859.95,859.85,859.8,859.75,859.7,860.0,860.1,860.15,860.2,860.25,1,703,212,479,173,50,211,691,2015,1579,1,5,3,6,3,2,2,10,16,13,1720789128.528728
859.85,859.8,859.75,859.7,859.65,860.0,860.1,860.15,860.2,860.25,700,212,479,173,1485,50,211,691,2054,1579,5,3,6,3,14,2,2,10,17,13,1720789129.64777
860.0,859.85,859.8,859.75,859.7,860.1,860.15,860.2,860.25,860.3,183,700,225,479,173,211,458,2015,1566,1236,1,5,4,6,3,2,9,16,12,14,1720789130.740247
860.0,859.85,859.8,859.75,859.7,860.1,860.15,860.2,860.25,860.3,183,700,225,479,173,213,458,2049,1566,1236,1,5,4,6,3,3,9,17,12,14,1720789131.899645
860.0,859.85,859.8,859.75,859.7,860.1,860.15,860.2,860.25,860.3,179,720,212,479,173,205,458,2049,1566,1229,1,7,3,6,3,3,9,17,12,13,1720789132.938792
860.0,859.85,859.8,859.75,859.7,860.1,860.15,860.2,860.25,860.3,178,720,1212,479,173,205,458,2049,1853,1229,1,7,4,6,3,4,9,17,13,13,1720789133.94092
860.0,859.85,859.8,859.75,859.7,860.1,860.15,860.2,860.25,860.3,180,761,1264,492,173,200,458,2049,1853,1175,2,7,5,7,3,4,9,17,13,12,1720789134.734351
860.0,859.85,859.8,859.75,859.7,860.1,860.15,860.2,860.25,860.3,16,841,1264,492,173,189,458,2142,1860,1112,2,8,5,7,3,4,9,18,14,12,1720789135.939661
860.0,859.85,859.8,859.75,859.7,860.1,860.15,860.2,860.25,860.3,22,842,1264,492,173,166,458,2142,1860,1125,3,8,5,7,3,4,9,18,14,13,1720789137.019766
860.0,859.85,859.8,859.75,859.7,860.05,860.1,860.15,860.2,860.25,22,847,1264,492,180,35,177,458,2049,1573,3,7,5,7,4,1,6,9,17,13,1720789138.135
860.0,859.85,859.8,859.75,859.7,860.05,860.1,860.15,860.2,860.25,6,847,1264,492,180,35,177,458,2049,1573,2,7,5,7,4,1,6,9,17,13,1720789138.942113
860.0,859.85,859.8,859.75,859.7,860.05,860.1,860.15,860.2,860.25,7,821,1264,492,180,33,177,463,2088,1573,2,6,5,7,4,1,6,10,18,13,1720789139.989704
860.0,859.85,859.8,859.75,859.7,860.05,860.1,860.15,860.2,860.25,8,821,1264,492,173,33,177,463,2101,1573,2,6,5,7,3,1,6,10,19,13,1720789140.94327
860.05,860.0,859.85,859.8,859.75,860.1,860.15,860.2,860.25,860.3,36,36,821,1264,498,177,463,1818,1573,1178,2,4,6,5,8,6,10,16,13,14,1720789142.242254
860.05,860.0,859.85,859.8,859.75,860.1,860.15,860.2,860.25,860.3,36,36,712,1264,492,173,463,1818,1862,1178,2,4,4,5,7,6,10,16,14,14,1720789143.14206
860.05,860.0,859.9,859.85,859.8,860.1,860.15,860.2,860.25,860.3,36,36,57,244,1207,171,728,2026,1971,1695,2,4,1,2,3,6,13,19,15,13,1720789144.153348
860.05,860.0,859.9,859.85,859.8,860.1,860.15,860.2,860.25,860.3,36,36,57,116,1207,171,728,2016,1971,1707,2,4,1,2,3,6,13,19,15,14,1720789145.416646
860.05,860.0,859.9,859.85,859.8,860.1,860.15,860.2,860.25,860.3,36,36,57,116,1207,168,729,2016,1971,1707,2,4,1,2,3,6,14,19,15,14,1720789145.746576
860.1,860.05,860.0,859.9,859.85,860.15,860.2,860.25,860.3,860.35,24,10,42,57,174,434,2169,1871,1697,1517,1,1,5,1,3,10,21,14,13,20,1720789146.74819
860.1,860.05,860.0,859.95,859.9,860.2,860.25,860.3,860.35,860.4,23,10,42,27,62,636,1519,1116,1194,2746,2,1,5,1,2,10,10,11,16,28,1720789147.947742
860.1,860.05,860.0,859.9,859.85,860.2,860.25,860.3,860.35,860.4,23,10,42,62,465,635,1519,1451,1217,2779,2,1,5,2,5,10,10,14,16,28,1720789148.94804
860.0,859.9,859.85,859.8,859.75,860.05,860.1,860.15,860.2,860.25,6,57,100,1000,70,415,613,731,1808,2218,1,1,1,1,1,4,5,10,20,17,1720789150.158927
859.9,859.85,859.65,859.6,859.55,860.05,860.1,860.15,860.2,860.25,57,100,331,576,1732,556,920,1225,1874,1929,1,1,4,5,11,6,8,11,22,16,1720789150.751671
859.85,859.65,859.6,859.55,859.5,859.95,860.0,860.05,860.1,860.15,99,307,699,1819,1230,54,34,714,1349,1422,1,3,6,13,8,1,1,7,9,17,1720789151.948752
859.85,859.65,859.6,859.55,859.5,860.0,860.05,860.1,860.15,860.2,166,434,699,1916,1315,33,849,1185,798,2509,2,4,6,15,11,1,8,7,12,25,1720789152.950734
859.95,859.85,859.75,859.7,859.65,860.05,860.1,860.15,860.2,860.25,2,166,282,302,488,692,915,1003,2001,1805,1,2,2,3,5,5,6,11,23,14,1720789154.351392
860.0,859.95,859.9,859.85,859.75,860.05,860.1,860.15,860.2,860.25,1,58,8,191,282,592,690,967,1815,1817,1,2,1,3,2,4,4,10,22,15,1720789155.352507
860.0,859.95,859.9,859.85,859.75,860.05,860.1,860.15,860.2,860.25,7,58,8,108,282,463,690,967,2098,1817,2,2,1,2,2,4,4,10,23,15,1720789156.352244
859.95,859.9,859.85,859.75,859.65,860.0,860.05,860.1,860.15,860.2,18,8,108,282,558,1,513,690,978,2098,2,1,2,2,7,1,5,4,10,23,1720789157.193217
860.0,859.95,859.9,859.85,859.75,860.05,860.1,860.15,860.2,860.25,7,18,8,108,282,479,690,966,1815,1817,1,2,1,2,2,5,4,9,22,15,1720789158.149112
860.0,859.95,859.9,859.85,859.75,860.05,860.1,860.15,860.2,860.25,9,16,59,108,282,457,690,926,2099,1817,2,1,2,2,2,4,4,8,23,15,1720789159.356075
859.95,859.9,859.85,859.75,859.65,860.05,860.1,860.15,860.2,860.25,3,59,108,294,439,457,690,926,2023,1893,2,2,2,3,7,4,4,8,22,16,1720789160.355937
859.95,859.9,859.85,859.75,859.65,860.0,860.05,860.1,860.15,860.2,51,59,108,282,433,104,407,690,926,1879,2,2,2,2,6,2,3,4,8,23,1720789161.152062
859.95,859.9,859.85,859.75,859.65,860.0,860.05,860.1,860.15,860.2,34,59,108,282,379,50,461,690,981,1879,1,2,2,2,5,1,4,4,9,23,1720789162.210169
859.95,859.9,859.85,859.75,859.65,860.05,860.1,860.15,860.2,860.25,40,59,108,293,375,365,690,981,1781,1988,2,2,2,3,5,4,4,9,22,17,1720789163.16692
860.0,859.9,859.85,859.75,859.65,860.05,860.1,860.15,860.2,860.25,2,8,108,332,443,358,744,981,1826,2041,1,1,2,3,7,4,5,9,22,18,1720789164.359455
860.0,859.9,859.85,859.75,859.65,860.05,860.1,860.15,860.2,860.25,2,8,108,332,389,353,744,981,2105,2041,1,1,2,3,6,4,5,9,23,18,1720789164.549615
859.9,859.85,859.75,859.7,859.65,859.95,860.0,860.05,860.1,860.15,1,9,50,6,371,1,26,353,920,1028,1,1,1,1,4,1,2,4,8,11,1720789165.659522
859.85,859.75,859.65,859.6,859.55,859.9,860.05,860.1,860.15,860.2,9,50,371,826,1621,5,482,904,977,2014,1,1,4,11,8,1,6,7,9,23,1720789166.818242
859.9,859.85,859.75,859.65,859.6,860.0,860.05,860.1,860.15,860.2,7,9,50,79,425,319,726,910,1921,2580,1,1,1,2,4,3,8,8,18,24,1720789167.756498
859.9,859.85,859.75,859.65,859.6,860.0,860.05,860.1,860.15,860.2,7,9,50,79,490,504,640,921,1689,2519,1,1,1,2,4,3,7,9,16,23,1720789168.752778
859.85,859.75,859.7,859.65,859.6,860.0,860.05,860.1,860.15,860.2,9,50,50,200,554,233,428,910,1327,2665,1,1,1,4,7,2,5,8,13,26,1720789169.788425
859.85,859.75,859.7,859.65,859.6,859.95,860.0,860.05,860.1,860.15,9,50,6,146,439,1,167,360,904,1707,1,1,1,3,5,1,2,6,7,18,1720789170.75677
859.75,859.65,859.6,859.55,859.5,859.95,860.0,860.05,860.1,860.15,15,146,447,846,1171,54,200,671,1152,1042,1,3,5,9,7,1,2,7,13,9,1720789171.83543
859.75,859.65,859.6,859.55,859.5,859.95,860.0,860.05,860.1,860.15,15,498,581,923,1179,59,67,322,1011,788,1,5,7,9,9,1,2,5,12,9,1720789173.068298
859.7,859.65,859.6,859.55,859.5,859.95,860.0,860.05,860.1,860.15,331,374,601,956,1883,68,7,906,1055,773,3,4,8,9,11,3,1,7,10,10,1720789173.961711
859.85,859.8,859.75,859.7,859.65,859.95,860.0,860.05,860.1,860.15,2,1,162,418,435,171,7,498,691,748,1,1,1,5,6,1,1,4,7,9,1720789175.010011
860.05,860.0,859.95,859.9,859.85,860.15,860.2,860.25,860.3,860.35,261,182,540,415,683,18,331,1550,752,819,4,4,6,5,11,1,9,11,7,10,1720789176.168978
860.2,860.1,860.05,860.0,859.95,860.25,860.3,860.35,860.4,860.45,7,52,6,420,401,1393,582,852,1711,336,1,2,1,8,4,4,7,11,17,8,1720789177.476197
860.0,859.9,859.85,859.8,859.75,860.2,860.25,860.3,860.35,860.4,6,69,142,41,520,400,1555,1218,1492,2773,1,3,3,3,5,5,5,13,17,23,1720789178.160067
860.0,859.9,859.85,859.8,859.75,860.2,860.25,860.3,860.35,860.4,6,69,217,52,520,333,1555,1176,1481,2779,1,3,5,4,5,5,5,12,16,24,1720789178.671391
860.15,859.85,859.8,859.75,859.7,860.2,860.25,860.3,860.35,860.4,6,138,530,647,332,171,1523,1139,2175,2719,1,3,4,9,7,3,7,13,16,22,1720789179.618225
860.1,859.9,859.85,859.8,859.75,860.2,860.25,860.3,860.35,860.4,32,2,355,567,660,433,1652,1359,2284,2737,1,1,6,4,9,5,9,11,17,23,1720789180.563261
860.05,859.9,859.85,859.8,859.75,860.2,860.25,860.3,860.35,860.4,23,66,670,358,653,15,1578,1149,1967,2621,1,2,10,5,8,2,9,10,16,22,1720789182.162468
860.05,859.95,859.9,859.85,859.8,860.15,860.25,860.3,860.35,860.4,48,70,445,777,423,5,1312,1316,1379,2732,1,1,6,12,4,1,5,11,16,23,1720789183.361266
860.05,860.0,859.9,859.85,859.8,860.15,860.2,860.25,860.3,860.35,21,3,52,379,285,23,282,1528,1688,1610,1,1,2,6,2,1,2,7,16,17,1720789184.359366
860.05,860.0,859.95,859.9,859.85,860.15,860.2,860.25,860.3,860.35,30,3,10,96,144,104,815,1879,1249,2314,1,1,1,3,4,3,7,10,13,19,1720789185.16541
860.0,859.9,859.85,859.8,859.75,860.05,860.1,860.2,860.25,860.3,6,53,426,302,483,51,35,762,1750,1531,1,2,6,4,7,1,1,7,8,16,1720789186.158127
860.1,860.0,859.9,859.85,859.8,860.2,860.25,860.3,860.35,860.4,7,6,108,546,370,392,1049,1253,1996,2839,1,1,4,8,5,5,5,14,17,23,1720789187.360056
860.1,860.0,859.9,859.85,859.8,860.2,860.25,860.3,860.35,860.4,32,6,114,496,353,225,1357,1177,2066,2850,2,1,5,7,3,3,6,13,17,24,1720789188.164249
859.9,859.85,859.8,859.75,859.7,860.2,860.25,860.3,860.35,860.4,21,338,364,416,313,280,1730,1242,2140,2943,1,4,4,6,6,4,10,15,18,26,1720789189.163484
859.9,859.85,859.8,859.75,859.7,860.2,860.25,860.3,860.35,860.4,175,627,370,416,443,65,1639,1204,2041,2850,3,5,5,6,8,4,9,13,18,24,1720789190.167739
860.15,859.95,859.9,859.85,859.8,860.25,860.3,860.35,860.4,860.45,2,98,31,627,508,1349,1347,1138,2049,1575,1,1,2,5,6,7,10,15,22,18,1720789191.364935
860.15,859.9,859.85,859.8,859.75,860.25,860.3,860.35,860.4,860.45,1,14,567,496,525,1426,1114,1150,2049,1637,1,1,4,5,7,8,9,16,22,18,1720789192.213392
859.85,859.8,859.75,859.7,859.65,860.2,860.25,860.3,860.35,860.4,361,352,658,882,735,645,1649,1529,1905,2641,3,3,8,8,8,4,10,13,19,21,1720789193.165182
859.75,859.7,859.65,859.6,859.55,860.0,860.05,860.1,860.15,860.2,320,170,342,2319,2414,80,10,154,531,1249,5,3,6,11,12,1,1,2,6,10,1720789194.369667
859.75,859.7,859.65,859.6,859.55,860.0,860.05,860.1,860.15,860.2,259,170,342,2319,2414,80,10,603,531,1384,3,3,6,11,12,1,1,4,6,13,1720789194.671514
859.9,859.75,859.7,859.65,859.6,860.1,860.15,860.2,860.25,860.3,1,172,194,366,1680,521,460,1414,2210,1974,1,3,4,7,7,3,9,14,13,15,1720789195.567464
859.9,859.75,859.7,859.65,859.6,860.1,860.15,860.2,860.25,860.3,1,193,265,522,1740,236,644,740,2415,2168,1,4,7,8,9,2,8,7,16,18,1720789197.169163
860.0,859.9,859.75,859.7,859.65,860.1,860.15,860.2,860.25,860.3,4,1,307,129,483,236,345,765,2415,2180,1,1,3,4,6,2,5,8,16,19,1720789197.673667
859.8,859.75,859.7,859.65,859.6,860.15,860.2,860.25,860.3,860.35,28,471,81,507,1687,634,930,2427,2168,2130,1,7,3,7,8,10,11,17,18,22,1720789199.471491
859.85,859.75,859.7,859.65,859.6,860.1,860.15,860.2,860.25,860.3,1,306,74,352,1563,369,888,1148,2286,2277,1,4,2,6,5,2,11,15,14,19,1720789200.474481
859.75,859.7,859.65,859.6,859.55,860.1,860.15,860.2,860.25,860.3,459,542,883,1713,2050,243,557,1049,2348,2223,6,6,7,9,9,2,10,12,15,18,1720789201.479192
859.75,859.7,859.65,859.6,859.55,860.15,860.2,860.25,860.3,860.35,609,478,608,1628,2117,275,1153,2282,2238,2743,5,8,5,9,9,8,15,14,19,21,1720789202.470379
859.65,859.6,859.55,859.5,859.45,860.05,860.1,860.15,860.2,860.25,344,1363,1305,1336,1095,578,1007,886,1968,2469,4,5,8,11,9,6,13,13,14,17,1720789203.47741
859.65,859.6,859.55,859.5,859.45,859.95,860.0,860.05,860.1,860.15,632,1410,1239,1337,1123,104,482,726,931,862,6,5,5,11,11,1,4,8,9,12,1720789204.474269
859.85,859.7,859.65,859.6,859.55,859.95,860.05,860.1,860.15,860.2,1,191,590,1434,1263,25,647,1061,839,1870,1,3,7,5,6,1,6,12,13,13,1720789205.473282
859.7,859.65,859.6,859.55,859.5,860.0,860.05,860.1,860.15,860.2,48,130,1358,1489,1188,454,889,1037,799,2060,1,3,4,10,8,5,11,12,12,15,1720789206.478303
859.7,859.65,859.6,859.55,859.5,860.0,860.05,860.1,860.15,860.2,23,130,1358,1430,1188,454,1120,1061,799,2060,1,3,4,9,8,5,12,13,12,15,1720789206.668352
859.7,859.65,859.6,859.55,859.5,859.95,860.0,860.05,860.1,860.15,2,134,1358,1430,1242,146,121,1004,1071,723,1,3,4,9,9,1,2,11,12,11,1720789207.671487
859.7,859.65,859.6,859.55,859.5,859.95,860.0,860.05,860.1,860.15,3,184,1391,1500,1242,2,121,987,1071,734,2,4,5,11,9,1,2,9,12,12,1720789208.676546
859.7,859.65,859.6,859.55,859.5,860.05,860.1,860.15,860.2,860.25,48,184,1493,643,1328,679,877,687,2524,2353,1,4,6,6,10,8,11,10,14,15,1720789209.674305
859.7,859.65,859.6,859.55,859.5,860.0,860.05,860.1,860.15,860.2,48,104,1460,643,1112,326,897,1104,687,2584,1,2,5,6,7,4,10,13,10,14,1720789210.690575
859.7,859.6,859.55,859.5,859.45,860.0,860.05,860.1,860.15,860.2,11,1351,684,1112,1142,611,1162,1090,1352,2525,1,3,6,7,10,8,14,13,10,14,1720789211.679615
859.6,859.55,859.5,859.45,859.4,859.95,860.0,860.05,860.1,860.15,1127,639,1119,1133,1021,457,1109,1027,1164,1898,3,5,8,10,6,6,9,11,12,11,1720789212.678419
859.8,859.65,859.6,859.55,859.5,859.95,860.0,860.05,860.1,860.15,1,2,999,471,1119,207,1103,730,1188,1677,1,1,1,5,8,4,9,10,13,10,1720789213.882897
859.6,859.55,859.5,859.45,859.4,859.95,860.0,860.05,860.1,860.15,640,419,1119,1076,395,435,1086,853,1829,1354,1,4,8,8,5,6,9,11,15,11,1720789214.946039
859.8,859.55,859.5,859.45,859.4,859.9,859.95,860.0,860.05,860.1,10,807,1111,1080,449,5,331,1733,750,1383,1,3,8,9,5,1,7,11,9,12,1720789216.083832
859.55,859.5,859.45,859.4,859.35,859.9,859.95,860.0,860.05,860.1,927,1004,410,373,763,372,579,2539,1031,1544,3,6,5,4,7,3,11,15,10,12,1720789217.290077
859.9,859.75,859.65,859.6,859.55,859.95,860.0,860.05,860.1,860.15,33,7,10,248,1155,905,2124,896,1292,2441,1,1,1,2,4,4,11,10,10,11,1720789218.479318
859.9,859.75,859.7,859.65,859.6,859.95,860.0,860.05,860.1,860.15,1,7,7,10,340,75,1990,1646,1292,1623,1,1,1,1,3,2,9,11,10,9,1720789218.727791
859.75,859.6,859.55,859.5,859.45,859.95,860.0,860.05,860.1,860.15,7,392,1155,1016,793,151,2436,1047,1346,2163,1,4,4,8,7,3,8,13,11,12,1720789219.963636
859.9,859.85,859.8,859.75,859.65,860.0,860.05,860.1,860.15,860.2,28,30,1,64,286,10,271,594,754,3123,1,1,1,2,3,1,5,7,9,16,1720789221.080951
859.65,859.6,859.55,859.5,859.45,860.0,860.05,860.1,860.15,860.2,247,469,1231,1166,792,493,420,1540,2121,2751,1,4,9,8,8,5,9,13,12,17,1720789222.085666
859.55,859.5,859.45,859.4,859.35,859.9,859.95,860.0,860.05,860.1,503,1004,706,501,989,345,1341,1052,1205,1831,1,6,8,7,7,3,14,10,16,16,1720789223.292924
859.75,859.55,859.5,859.45,859.4,859.95,860.0,860.05,860.1,860.15,4,782,1011,712,502,1874,1004,874,1481,2165,2,3,7,8,7,11,8,13,13,15,1720789224.48656
859.75,859.55,859.5,859.45,859.4,859.95,860.0,860.05,860.1,860.15,4,782,1011,712,502,1840,1004,868,1439,2165,2,3,7,8,7,10,8,13,12,15,1720789224.687911
859.8,859.65,859.6,859.55,859.5,859.95,860.0,860.05,860.1,860.15,1,17,435,973,1016,706,722,691,1459,2093,1,1,7,9,7,5,4,11,13,12,1720789225.895665
859.6,859.55,859.5,859.45,859.4,859.9,859.95,860.0,860.05,860.1,453,730,1174,844,474,3,951,722,775,1435,7,7,9,10,6,1,5,4,11,12,1720789227.086861
859.75,859.6,859.55,859.5,859.45,859.9,859.95,860.0,860.05,860.1,7,428,589,1113,843,226,954,778,904,1306,1,6,8,7,9,1,6,7,13,10,1720789228.298135
859.75,859.6,859.55,859.5,859.45,859.9,859.95,860.0,860.05,860.1,7,428,582,1120,843,226,954,765,991,1319,1,6,7,8,9,1,6,6,14,11,1720789229.299346
859.75,859.6,859.55,859.5,859.45,859.9,859.95,860.0,860.05,860.1,7,428,787,1113,852,211,732,765,1016,1319,1,6,8,7,11,1,5,6,15,11,1720789230.302984
859.55,859.5,859.45,859.4,859.35,859.8,859.85,859.9,859.95,860.0,60,710,113,264,840,223,1297,920,1968,2202,2,4,2,2,9,3,8,9,19,12,1720789231.495117
859.55,859.5,859.45,859.4,859.35,859.8,859.85,859.9,859.95,860.0,60,781,113,264,840,223,1297,920,1968,2202,2,5,2,2,9,3,8,9,19,12,1720789231.70149
859.55,859.5,859.45,859.4,859.35,859.85,859.9,859.95,860.0,860.05,60,781,61,274,887,672,634,1506,1749,2121,2,5,2,4,9,6,6,13,13,16,1720789232.909108
859.55,859.5,859.45,859.4,859.35,859.8,859.85,859.9,859.95,860.0,26,781,342,289,818,321,447,683,1543,1937,1,5,3,4,9,1,6,8,13,11,1720789234.197212
859.7,859.55,859.5,859.45,859.4,859.8,859.85,859.9,859.95,860.0,1,937,781,611,444,315,280,593,1440,2187,1,3,5,6,5,1,3,5,11,12,1720789235.311441
859.55,859.5,859.45,859.4,859.35,859.8,859.85,859.9,859.95,860.0,547,760,536,289,886,253,309,859,1620,2427,3,5,4,4,9,1,5,7,15,15,1720789236.306756
859.55,859.5,859.45,859.4,859.35,859.8,859.85,859.9,859.95,860.0,55,760,558,237,756,355,1309,946,1982,2354,1,5,4,2,7,5,8,8,17,14,1720789237.503274
859.55,859.5,859.45,859.4,859.35,859.8,859.85,859.9,859.95,860.0,44,760,558,237,756,329,1312,946,2006,2354,1,5,4,2,7,4,10,8,18,14,1720789237.699493
859.25,859.2,859.15,859.1,859.05,859.55,859.6,859.65,859.7,859.75,225,559,352,625,2185,69,761,611,804,2158,2,6,7,13,12,1,11,9,13,11,1720789238.906754
859.25,859.2,859.15,859.1,859.05,859.5,859.6,859.65,859.7,859.75,319,559,359,625,2185,11,659,383,818,2252,3,6,8,13,12,1,10,7,14,13,1720789240.101876
859.3,859.25,859.2,859.15,859.1,859.5,859.65,859.7,859.75,859.8,508,604,580,485,609,336,66,230,2018,2056,5,8,8,9,13,1,1,5,10,9,1720789241.104687
859.3,859.25,859.2,859.15,859.1,859.5,859.6,859.65,859.7,859.75,508,596,566,493,623,215,274,340,230,2170,5,7,7,10,14,1,1,2,5,12,1720789242.311178
859.35,859.3,859.25,859.2,859.15,859.5,859.6,859.65,859.7,859.75,67,405,533,566,716,113,274,503,459,2185,1,4,8,7,11,1,1,2,6,13,1720789243.51734
859.4,859.35,859.3,859.25,859.2,859.5,859.6,859.65,859.7,859.75,1,67,405,533,632,113,274,503,459,2185,1,1,4,8,8,1,1,2,6,13,1720789243.707348
859.4,859.35,859.3,859.25,859.2,859.45,859.5,859.6,859.65,859.7,61,14,351,533,574,1,113,274,503,454,2,1,3,8,8,1,1,1,2,5,1720789244.916819
859.4,859.35,859.3,859.25,859.2,859.5,859.6,859.65,859.7,859.75,44,14,351,534,638,9,274,503,454,2200,2,1,3,9,9,1,1,2,5,14,1720789246.109795
859.4,859.35,859.3,859.25,859.2,859.5,859.6,859.65,859.7,859.75,43,14,351,484,638,237,453,508,454,2185,2,1,3,9,9,1,2,3,5,13,1720789247.31534
859.4,859.35,859.3,859.25,859.2,859.5,859.6,859.65,859.7,859.75,42,14,351,484,638,185,453,508,454,2185,2,1,3,9,9,1,2,3,5,13,1720789248.532702
859.4,859.35,859.3,859.25,859.2,859.45,859.5,859.6,859.65,859.7,41,14,351,484,638,4,185,453,508,517,1,1,3,9,9,2,1,2,3,6,1720789248.704639
859.4,859.35,859.3,859.25,859.2,859.45,859.5,859.55,859.6,859.65,24,14,351,256,630,278,185,226,453,508,1,1,3,8,8,3,1,1,2,3,1720789249.708689
859.4,859.35,859.3,859.25,859.2,859.45,859.5,859.55,859.6,859.65,24,14,351,256,630,278,185,226,506,318,1,1,3,8,8,3,1,1,3,4,1720789250.914688
859.4,859.35,859.25,859.2,859.15,859.45,859.5,859.55,859.6,859.65,10,15,477,581,299,237,185,226,453,287,1,2,7,8,7,1,1,1,2,3,1720789252.218997
859.4,859.35,859.25,859.2,859.15,859.45,859.5,859.55,859.6,859.65,100,15,477,581,363,182,185,500,453,287,2,2,7,8,8,1,1,2,2,3,1720789253.317269
859.4,859.35,859.25,859.2,859.15,859.45,859.5,859.55,859.6,859.65,100,15,477,581,363,160,185,500,453,287,2,2,7,8,8,1,1,2,2,3,1720789254.516381
859.4,859.35,859.25,859.2,859.15,859.45,859.5,859.55,859.6,859.65,111,15,477,581,363,160,185,500,453,287,3,2,7,8,8,1,1,2,2,3,1720789254.71248
859.4,859.35,859.25,859.2,859.15,859.45,859.5,859.55,859.6,859.65,64,15,477,581,363,162,185,500,453,287,3,2,7,8,8,2,1,2,2,3,1720789255.921948
859.4,859.35,859.25,859.2,859.15,859.45,859.5,859.55,859.6,859.65,58,15,194,566,355,108,185,500,453,287,3,2,5,7,7,2,1,2,2,3,1720789257.116905
859.4,859.35,859.25,859.2,859.15,859.45,859.5,859.55,859.6,859.65,107,15,246,559,362,274,226,576,468,407,3,2,6,6,8,1,2,3,3,4,1720789258.328172
859.4,859.35,859.25,859.2,859.15,859.45,859.5,859.55,859.6,859.65,106,15,246,559,362,273,226,576,468,407,3,2,6,6,8,1,2,3,3,4,1720789259.521384
859.4,859.35,859.25,859.2,859.15,859.45,859.5,859.55,859.6,859.65,84,15,246,559,362,62,226,576,453,407,3,2,6,6,8,2,2,3,2,4,1720789260.932796
859.45,859.4,859.35,859.3,859.25,859.5,859.55,859.6,859.65,859.7,30,82,15,54,536,173,274,453,234,399,1,3,2,1,9,1,1,2,2,4,1720789262.130123
859.45,859.4,859.35,859.3,859.25,859.5,859.55,859.6,859.65,859.7,29,82,15,54,504,124,274,453,234,399,1,3,2,1,8,2,1,2,2,4,1720789263.335044
859.45,859.4,859.35,859.3,859.25,859.5,859.55,859.6,859.65,859.7,30,82,15,54,504,99,274,453,234,454,2,3,2,1,8,2,1,2,2,5,1720789264.532178
859.45,859.4,859.35,859.3,859.25,859.5,859.55,859.6,859.65,859.7,28,82,15,54,504,95,274,453,234,468,2,3,2,1,8,2,1,2,2,6,1720789265.529273
859.45,859.4,859.35,859.3,859.25,859.5,859.55,859.6,859.65,859.7,28,82,15,54,504,90,274,453,234,468,2,3,2,1,8,2,1,2,2,6,1720789265.733703
859.5,859.45,859.4,859.35,859.3,859.55,859.6,859.65,859.7,859.75,29,1,82,15,61,164,453,234,399,1115,1,1,3,2,2,1,2,2,4,9,1720789266.964897
859.5,859.45,859.4,859.35,859.3,859.55,859.6,859.65,859.7,859.75,34,3,82,15,105,112,230,229,255,1008,2,2,3,2,2,1,1,1,2,7,1720789268.135319
859.5,859.45,859.4,859.35,859.3,859.55,859.6,859.65,859.7,859.75,33,3,82,15,105,112,230,229,255,1008,2,2,3,2,2,1,1,1,2,7,1720789269.339155
859.5,859.45,859.4,859.35,859.3,859.55,859.6,859.65,859.7,859.75,33,2,82,67,105,112,230,503,308,1036,2,1,3,3,2,1,1,2,3,8,1720789270.544546
859.5,859.45,859.4,859.35,859.3,859.55,859.6,859.65,859.7,859.75,7,2,82,67,105,86,230,503,308,1036,1,1,3,3,2,1,1,2,3,8,1720789271.573099
859.5,859.45,859.4,859.35,859.3,859.55,859.6,859.65,859.7,859.75,7,2,82,67,105,84,230,503,308,1036,1,1,3,3,2,1,1,2,3,8,1720789271.939799
859.4,859.35,859.3,859.25,859.2,859.6,859.65,859.7,859.75,859.8,79,67,112,441,2987,219,503,282,1046,1487,3,3,3,9,10,1,2,2,8,11,1720789273.134934
859.55,859.5,859.45,859.4,859.35,859.6,859.65,859.7,859.75,859.8,2,1,1,79,67,190,503,282,1046,1480,1,1,1,3,3,1,2,2,8,10,1720789274.339962
859.55,859.5,859.45,859.4,859.35,859.6,859.65,859.7,859.75,859.8,1,1,1,80,52,189,503,282,1046,1480,1,1,1,4,1,1,2,2,8,10,1720789275.341716
859.5,859.45,859.4,859.35,859.25,859.55,859.6,859.65,859.7,859.75,1,1,80,59,364,71,38,556,520,1048,1,1,4,2,7,1,1,3,5,8,1720789276.340248
859.55,859.4,859.35,859.3,859.25,859.6,859.65,859.7,859.75,859.8,7,127,52,54,425,12,503,517,1139,1466,1,5,1,1,8,1,2,7,10,9,1720789277.343042
859.35,859.3,859.25,859.2,859.15,859.65,859.7,859.75,859.8,859.85,62,111,438,2994,631,371,316,1085,817,1973,2,3,9,10,9,2,3,10,10,15,1720789278.552613
859.35,859.3,859.25,859.2,859.15,859.6,859.65,859.7,859.75,859.8,62,111,438,2878,631,1,370,316,1085,817,2,3,9,9,9,1,2,3,10,10,1720789280.35487
859.35,859.3,859.25,859.2,859.15,859.6,859.65,859.7,859.75,859.8,52,57,438,2987,598,2,370,429,1111,817,1,2,9,10,9,2,2,6,11,10,1720789281.347361
859.5,859.35,859.3,859.25,859.2,859.6,859.65,859.7,859.75,859.8,3,70,50,425,2878,224,370,388,1087,1038,1,3,1,8,9,1,2,5,10,11,1720789282.348125
859.35,859.3,859.25,859.2,859.15,859.65,859.7,859.75,859.8,859.85,86,204,455,2878,655,370,425,1111,817,2703,1,4,10,9,10,2,6,11,10,14,1720789283.539198
859.45,859.3,859.25,859.2,859.15,859.6,859.65,859.7,859.75,859.8,3,49,302,2473,538,449,553,675,1561,1601,1,1,5,7,8,5,6,10,11,11,1720789284.348188
859.45,859.4,859.3,859.25,859.2,859.6,859.65,859.7,859.75,859.8,3,1,49,302,2473,449,547,675,1567,1822,1,1,1,5,7,5,5,10,12,12,1720789285.353666
859.55,859.45,859.4,859.35,859.3,859.6,859.65,859.7,859.75,859.8,1,3,1,1,49,333,547,542,1218,1760,1,1,1,1,1,3,5,7,12,10,1720789286.146293
859.55,859.4,859.35,859.25,859.2,859.6,859.65,859.7,859.75,859.8,7,58,1,530,2812,332,547,530,1259,1551,1,1,1,7,10,3,5,6,13,10,1720789287.353122
859.55,859.4,859.35,859.3,859.25,859.6,859.65,859.7,859.75,859.8,7,68,1,54,419,63,494,408,1078,1558,1,2,1,1,7,1,4,5,10,11,1720789288.357931
859.25,859.2,859.15,859.1,859.05,859.55,859.6,859.65,859.7,859.75,257,2502,382,702,3339,224,595,836,455,1108,3,9,9,13,14,1,4,8,6,10,1720789289.355275
859.25,859.2,859.15,859.1,859.05,859.55,859.6,859.65,859.7,859.75,81,2292,155,688,2681,680,1393,818,1196,2385,1,5,8,12,12,4,14,7,9,13,1720789290.355347
859.45,859.3,859.25,859.2,859.15,859.55,859.6,859.65,859.7,859.75,10,1,65,2292,155,681,1040,789,1362,2618,1,1,1,5,8,5,8,7,9,14,1720789291.145404
859.45,859.3,859.2,859.15,859.1,859.5,859.55,859.6,859.65,859.7,10,1,2292,126,804,115,718,1040,789,1362,1,1,5,8,13,2,7,8,7,9,1720789292.355246
859.45,859.3,859.2,859.15,859.1,859.5,859.55,859.6,859.65,859.7,10,1,2346,126,810,61,497,1045,789,1362,1,1,6,8,14,2,6,9,7,9,1720789293.545535
859.45,859.3,859.2,859.15,859.1,859.5,859.55,859.6,859.65,859.7,10,1,2346,126,815,39,497,593,777,1058,1,1,6,8,15,2,6,6,6,7,1720789294.356262
859.45,859.3,859.2,859.15,859.1,859.5,859.55,859.6,859.65,859.7,10,1,2346,126,815,31,497,593,777,1058,1,1,6,8,15,2,6,6,6,7,1720789295.355203
859.45,859.3,859.2,859.15,859.1,859.55,859.6,859.65,859.7,859.75,10,1,2353,119,815,475,470,777,1058,2656,1,1,7,7,15,6,5,6,7,15,1720789296.360347
859.5,859.45,859.25,859.2,859.15,859.55,859.6,859.65,859.7,859.75,6,10,5,2486,349,266,402,722,1058,2566,1,1,1,9,8,4,5,5,7,14,1720789297.359196
859.5,859.45,859.25,859.2,859.15,859.55,859.6,859.65,859.7,859.75,4,10,5,2486,577,33,402,722,1058,2232,1,1,1,9,9,2,5,5,7,14,1720789298.548246
859.45,859.4,859.25,859.2,859.15,859.55,859.6,859.65,859.7,859.75,10,1,5,2486,577,233,408,796,1052,2220,1,1,1,9,9,3,6,7,6,13,1720789299.552293
859.1,859.05,859.0,858.95,858.9,859.35,859.4,859.45,859.5,859.55,55,550,736,114,385,510,628,1482,1775,2905,2,4,11,3,9,5,8,13,14,20,1720789300.361112
859.15,859.1,859.05,859.0,858.95,859.35,859.4,859.45,859.5,859.55,91,55,550,682,181,661,1343,2531,1779,2772,1,2,4,10,4,7,8,17,14,18,1720789301.367809
859.15,859.1,859.05,859.0,858.95,859.35,859.4,859.45,859.5,859.55,67,55,550,682,181,660,1343,2531,1779,2772,1,2,4,10,4,7,8,17,14,18,1720789302.15176
859.15,859.1,859.05,859.0,858.95,859.25,859.3,859.35,859.4,859.45,92,55,550,682,164,45,451,624,614,2018,2,2,4,10,4,2,4,7,8,19,1720789303.365172
859.15,859.1,859.05,859.0,858.95,859.2,859.3,859.35,859.4,859.45,50,55,550,746,164,105,231,636,393,1545,2,2,4,12,4,1,2,8,7,15,1720789304.5605
859.15,859.1,859.05,859.0,858.95,859.2,859.3,859.35,859.4,859.45,50,55,550,746,164,100,231,636,393,1545,2,2,4,12,4,1,2,8,7,15,1720789304.764724
859.2,859.15,859.1,859.05,859.0,859.35,859.4,859.45,859.5,859.55,5,45,55,550,796,502,265,1420,1554,2443,1,2,2,4,13,4,3,14,13,16,1720789306.362696
859.05,859.0,858.95,858.9,858.85,859.35,859.4,859.45,859.5,859.55,452,853,511,642,1107,117,265,955,1365,1606,4,15,7,12,9,2,3,8,10,14,1720789307.369226
859.05,859.0,858.95,858.9,858.85,859.35,859.4,859.45,859.5,859.55,351,893,415,675,1183,183,289,962,1395,1606,4,15,8,12,10,1,4,10,12,14,1720789308.56533
859.2,859.15,859.1,859.05,859.0,859.45,859.5,859.55,859.6,859.65,187,271,566,910,1215,233,290,774,807,2102,3,4,9,10,20,2,3,7,9,8,1720789309.571535
859.2,859.15,859.1,859.05,859.0,859.45,859.5,859.55,859.6,859.65,97,143,635,922,1156,133,237,775,772,1392,2,2,11,11,18,2,2,8,8,10,1720789310.578647
859.45,859.35,859.25,859.2,859.15,859.55,859.6,859.65,859.7,859.75,1,3,58,302,807,212,354,839,652,1432,1,1,1,6,8,3,3,5,9,9,1720789311.567532
859.35,859.25,859.2,859.15,859.1,859.55,859.6,859.65,859.7,859.75,3,58,302,807,787,211,354,851,652,1508,1,1,6,8,9,3,3,6,9,10,1720789311.919592
859.45,859.35,859.25,859.2,859.15,859.55,859.6,859.65,859.7,859.75,33,2,113,302,809,36,354,742,663,1438,1,1,2,6,8,2,3,5,9,9,1720789312.776575
859.45,859.35,859.3,859.25,859.2,859.65,859.7,859.75,859.8,859.85,1,1,6,682,714,210,415,1090,1228,3531,1,1,1,6,8,3,5,9,11,14,1720789313.863659
859.55,859.45,859.35,859.3,859.25,859.65,859.7,859.75,859.8,859.85,2,1,51,54,742,75,299,1090,1179,3788,1,1,2,1,7,3,3,9,9,17,1720789314.887826
859.1,859.05,859.0,858.95,858.9,859.2,859.25,859.4,859.5,859.55,325,738,1433,879,1820,335,499,116,128,565,4,8,17,12,12,1,1,1,3,5,1720789315.809444
859.2,859.15,859.1,859.05,859.0,859.25,859.45,859.5,859.55,859.6,33,87,329,738,847,303,283,401,549,960,1,2,5,8,15,1,2,6,4,10,1720789317.038907
859.5,859.35,859.3,859.25,859.2,859.55,859.6,859.65,859.7,859.75,6,113,140,533,913,16,107,61,575,1224,1,2,3,8,12,1,2,2,6,10,1720789318.062886
859.4,859.25,859.2,859.15,859.1,859.5,859.55,859.6,859.65,859.7,59,369,377,658,567,4162,54,6,385,548,1,4,6,7,7,4,1,1,6,7,1720789319.191266
859.4,859.25,859.2,859.15,859.1,859.5,859.55,859.6,859.65,859.7,59,228,376,664,561,3996,54,222,615,548,1,1,7,8,6,2,1,1,8,7,1720789320.178234
859.45,859.4,859.25,859.2,859.15,859.5,859.55,859.6,859.65,859.7,30,54,228,537,664,3794,62,222,560,524,1,1,1,10,8,1,3,1,7,6,1720789321.236446
859.45,859.4,859.35,859.25,859.2,859.5,859.55,859.6,859.65,859.7,30,54,1,228,571,3660,8,222,560,534,1,1,1,1,11,1,2,1,7,7,1720789322.386526
860.3,860.15,860.1,860.05,860.0,860.4,860.45,860.5,860.55,860.6,13,333,286,735,904,4,228,7432,290,981,2,2,5,7,9,1,1,17,5,9,1720790793.560319
860.3,860.15,860.1,860.05,860.0,860.45,860.5,860.55,860.6,860.65,15,228,286,739,908,651,7486,250,858,1333,2,1,5,8,10,2,18,4,8,22,1720790794.261549
860.15,860.1,860.05,860.0,859.95,860.45,860.5,860.55,860.6,860.65,93,103,564,908,525,713,7536,296,935,1280,1,5,8,10,6,2,20,5,10,21,1720790795.051064
860.4,860.3,860.15,860.1,860.05,860.45,860.5,860.55,860.6,860.65,25,1,96,324,618,493,7517,250,922,1262,1,1,1,6,9,1,20,4,10,21,1720790796.250104
860.4,860.3,860.15,860.1,860.05,860.45,860.5,860.55,860.6,860.65,37,1,96,386,618,493,7517,250,922,1262,2,1,1,7,9,1,20,4,10,21,1720790797.261383
860.4,860.3,860.15,860.1,860.05,860.45,860.5,860.55,860.6,860.65,29,1,96,386,618,246,7517,250,911,1177,2,1,1,7,9,1,20,4,9,19,1720790798.052922
860.4,860.35,860.3,860.25,860.15,860.45,860.5,860.55,860.6,860.65,27,10,1,50,222,234,7517,250,911,1123,2,1,1,1,2,1,20,4,9,18,1720790799.252361
860.25,860.15,860.1,860.05,860.0,860.45,860.5,860.55,860.6,860.65,15,126,324,618,908,201,7632,280,951,1201,1,1,6,9,10,1,21,6,10,20,1720790800.25017
860.3,860.25,860.15,860.1,860.05,860.45,860.5,860.55,860.6,860.65,9,15,126,50,428,167,7989,319,1107,1951,1,1,1,4,6,1,25,7,12,19,1720790801.062227
860.3,860.15,860.1,860.05,860.0,860.45,860.5,860.55,860.6,860.65,6,126,50,429,957,165,7989,319,1107,1951,1,1,4,6,10,1,25,7,12,19,1720790802.067231
860.3,860.15,860.1,860.05,860.0,860.4,860.5,860.55,860.6,860.65,5,126,125,439,914,4,7933,250,1020,1960,1,1,5,8,11,1,24,4,12,21,1720790803.296822
860.3,860.2,860.15,860.1,860.05,860.5,860.55,860.6,860.65,860.7,7,20,189,73,720,7564,250,996,1104,3465,1,1,2,5,10,18,4,11,18,15,1720790804.054973
860.3,860.2,860.15,860.1,860.05,860.5,860.55,860.6,860.65,860.7,18,46,228,73,667,7505,250,858,541,2584,2,2,3,5,9,17,4,8,11,13,1720790805.054851
860.3,860.15,860.1,860.05,860.0,860.5,860.55,860.6,860.65,860.7,8,189,50,426,1083,7554,250,858,589,3109,1,2,4,7,13,18,4,8,12,21,1720790806.164668
860.4,860.3,860.15,860.1,860.05,860.5,860.55,860.6,860.65,860.7,11,19,252,50,479,7580,255,869,769,3850,1,2,3,4,8,19,5,9,13,20,1720790807.084549
860.45,860.4,860.2,860.15,860.1,860.5,860.55,860.6,860.65,860.7,18,11,89,252,51,7451,33,858,589,3770,2,1,1,3,5,16,3,8,12,21,1720790808.060566
860.1,860.05,860.0,859.95,859.9,860.45,860.5,860.55,860.6,860.65,150,95,934,523,995,194,7756,258,1075,1139,5,3,11,5,6,4,21,4,13,15,1720790809.068972
860.15,860.1,860.05,860.0,859.95,860.45,860.5,860.55,860.6,860.65,13,149,121,934,711,366,7821,335,1212,1793,1,5,4,11,8,5,22,6,15,15,1720790810.057654
860.15,860.1,860.05,860.0,859.95,860.45,860.5,860.55,860.6,860.65,13,149,95,934,526,410,7821,282,1140,876,1,5,3,11,6,6,22,5,13,13,1720790811.059571
860.35,860.15,860.1,860.05,860.0,860.45,860.5,860.55,860.6,860.65,3,13,43,434,938,132,7694,258,1000,886,1,1,5,6,12,4,19,4,11,14,1720790812.101878
860.35,860.15,860.1,860.05,860.0,860.45,860.5,860.55,860.6,860.65,3,9,43,713,1000,27,7391,258,1000,1218,1,1,5,8,15,2,16,4,11,17,1720790813.125873
860.45,860.25,860.2,860.15,860.1,860.55,860.6,860.65,860.7,860.75,24,219,228,636,717,7,455,586,687,5597,1,4,4,6,4,1,2,5,7,7,1720790882.350882
860.5,860.45,860.25,860.2,860.15,860.55,860.6,860.65,860.7,860.75,15,24,128,283,636,7,227,640,733,5729,2,1,3,6,6,1,1,6,7,8,1720790882.552134
860.25,860.2,860.15,860.1,860.05,860.55,860.6,860.65,860.7,860.75,214,4,633,720,600,72,482,682,1385,5715,4,3,5,5,8,2,6,8,10,7,1720790883.577751
860.3,860.25,860.2,860.15,860.1,860.55,860.6,860.65,860.7,860.75,18,214,4,633,720,277,882,696,1464,5729,1,5,3,5,5,3,10,7,10,8,1720790884.565224
860.3,860.25,860.2,860.15,860.1,860.5,860.55,860.6,860.65,860.7,15,213,4,633,720,7,235,882,712,1540,1,4,3,5,5,1,2,10,7,12,1720790885.625836
860.3,860.25,860.2,860.15,860.1,860.55,860.6,860.65,860.7,860.75,9,283,4,405,667,174,837,712,1491,5715,1,4,3,4,4,2,9,7,10,7,1720790887.063482
860.3,860.25,860.2,860.15,860.1,860.55,860.6,860.65,860.7,860.75,9,283,4,633,720,174,766,712,1491,5715,1,4,3,5,5,2,8,7,10,7,1720790887.154484
860.45,860.3,860.25,860.2,860.15,860.55,860.6,860.65,860.7,860.75,6,9,283,225,636,8,642,638,908,5715,1,1,4,4,6,1,6,6,10,7,1720790888.185715
860.45,860.3,860.25,860.2,860.15,860.6,860.65,860.7,860.75,860.8,6,9,340,328,689,20,523,710,5476,2210,1,1,5,7,7,2,4,7,4,25,1720790889.155339
860.45,860.25,860.2,860.15,860.1,860.5,860.6,860.65,860.7,860.75,24,340,328,636,717,9,20,523,753,5543,2,5,7,6,4,1,2,4,8,6,1720790890.168634
860.45,860.3,860.25,860.2,860.15,860.65,860.7,860.75,860.8,860.85,17,1,311,443,636,394,640,5542,2187,893,2,1,5,7,6,5,6,6,24,11,1720790891.158468
860.25,860.2,860.15,860.1,860.05,860.55,860.6,860.65,860.7,860.75,56,3,405,717,507,375,782,1194,1430,5661,1,2,4,4,7,4,10,13,12,6,1720790892.156566
860.3,860.25,860.2,860.15,860.1,860.55,860.6,860.65,860.7,860.75,13,1,3,405,720,101,803,856,1445,5661,1,1,2,4,5,2,11,10,11,6,1720790893.269783
860.3,860.25,860.2,860.15,860.1,860.5,860.55,860.6,860.65,860.7,8,1,3,351,79,120,397,933,990,2331,1,1,2,3,2,4,5,11,12,16,1720790894.667118
860.4,860.3,860.25,860.2,860.15,860.45,860.55,860.6,860.65,860.7,1,8,1,57,471,1,93,706,796,2144,1,1,1,3,4,1,1,8,9,14,1720790895.661488
860.4,860.25,860.2,860.15,860.1,860.45,860.55,860.6,860.65,860.7,20,1,57,471,300,1,322,706,796,2144,2,1,3,4,3,1,2,8,9,14,1720790896.761623
860.25,860.2,860.15,860.1,860.05,860.4,860.45,860.5,860.55,860.6,1,3,471,79,357,34,1,238,322,815,1,2,4,2,6,1,1,2,2,11,1720790897.756759
860.25,860.2,860.15,860.1,860.05,860.35,860.5,860.55,860.6,860.65,1,60,471,714,519,7,188,426,828,796,1,3,4,4,7,1,1,4,12,9,1720790898.772523
860.25,860.2,860.15,860.1,860.05,860.35,860.45,860.5,860.55,860.6,19,3,533,79,383,7,12,687,439,808,2,2,5,2,6,1,2,6,5,10,1720790900.072938
860.25,860.2,860.15,860.1,860.05,860.35,860.4,860.45,860.5,860.55,5,26,533,79,436,7,1,5,450,333,1,2,5,2,7,1,1,1,3,3,1720790901.294236
860.4,860.35,860.3,860.25,860.2,860.55,860.6,860.65,860.7,860.75,14,3,1,5,428,49,709,656,1477,6216,1,1,1,1,5,1,7,7,11,11,1720790902.263749
860.15,860.1,860.05,860.0,859.95,860.4,860.45,860.5,860.55,860.6,61,120,5,321,591,953,532,2680,857,1483,2,2,1,6,6,6,6,13,7,10,1720790948.986066
860.15,860.1,860.05,860.0,859.95,860.35,860.4,860.45,860.5,860.55,52,120,5,321,591,10,1234,614,2959,1024,2,2,1,6,6,1,8,8,16,8,1720790949.871954
860.2,860.15,860.1,860.05,860.0,860.3,860.35,860.4,860.45,860.5,1,52,120,59,321,10,36,953,532,2668,1,2,2,2,6,1,2,6,6,12,1720790950.881504
860.2,860.1,860.05,860.0,859.95,860.35,860.4,860.45,860.5,860.55,9,120,59,373,595,33,1182,521,2691,302,1,2,2,7,7,2,7,6,12,5,1720790951.870977
860.2,860.1,860.05,860.0,859.95,860.35,860.4,860.45,860.5,860.55,9,120,59,373,595,9,1182,521,2691,302,1,2,2,7,7,1,7,6,12,5,1720790952.871606
860.3,860.2,860.1,860.05,860.0,860.35,860.4,860.45,860.5,860.55,1,3,120,59,373,9,826,441,2691,314,1,1,2,2,7,1,4,5,12,6,1720790954.071016
860.2,860.1,860.05,860.0,859.95,860.35,860.4,860.45,860.5,860.55,3,120,59,491,1174,32,995,247,2124,503,1,2,2,9,7,2,4,2,13,9,1720790955.085346
860.2,860.1,860.05,860.0,859.95,860.3,860.35,860.4,860.45,860.5,69,120,5,373,1177,7,25,1112,326,2171,1,2,1,7,8,1,2,7,4,13,1720790956.483302
860.2,860.1,860.05,860.0,859.95,860.3,860.35,860.4,860.45,860.5,305,120,59,373,667,7,25,1052,446,2183,2,2,2,7,7,1,2,5,5,14,1720790957.586254
860.25,860.2,860.1,860.05,860.0,860.3,860.35,860.4,860.45,860.5,12,70,120,59,379,3,10,1106,499,2206,1,1,2,2,8,1,1,6,6,14,1720790958.510524
860.1,860.05,860.0,859.95,859.9,860.3,860.35,860.4,860.45,860.5,120,59,379,591,320,1,36,1255,1118,2230,2,2,8,6,5,1,2,10,6,15,1720790959.676826
860.1,860.05,860.0,859.95,859.9,860.25,860.3,860.35,860.4,860.45,47,5,379,336,323,8,11,36,1572,1127,2,1,8,3,6,1,2,2,10,8,1720790960.687503
860.1,860.05,860.0,859.95,859.9,860.25,860.3,860.35,860.4,860.45,39,5,379,219,374,56,17,240,1558,2245,2,1,8,1,6,2,3,6,8,14,1720790961.890758
860.1,860.05,860.0,859.9,859.85,860.3,860.35,860.4,860.45,860.5,36,5,399,374,601,59,708,1645,2124,3038,2,1,9,6,5,3,9,10,12,19,1720790963.142698
860.1,860.05,860.0,859.9,859.85,860.25,860.3,860.35,860.4,860.45,21,5,399,362,598,39,394,775,1586,2200,2,1,9,5,4,1,6,10,11,13,1720790964.086273
860.1,860.05,860.0,859.9,859.85,860.25,860.3,860.35,860.4,860.45,21,5,399,362,621,9,155,595,1569,1395,2,1,9,5,6,1,5,8,9,9,1720790964.397167
860.1,860.05,860.0,859.9,859.85,860.3,860.35,860.4,860.45,860.5,37,5,399,382,601,129,606,1555,1242,2778,2,1,9,6,5,5,9,10,14,15,1720790965.496663
860.1,860.05,860.0,859.9,859.85,860.25,860.3,860.35,860.4,860.45,37,5,399,362,601,9,186,606,1594,1867,2,1,9,5,5,1,6,9,10,15,1720790966.497977
860.1,860.05,860.0,859.9,859.85,860.25,860.3,860.35,860.4,860.45,47,5,399,362,601,34,560,520,1779,1682,3,1,9,5,5,2,8,8,12,13,1720790967.690319
860.1,860.05,860.0,859.95,859.9,860.2,860.3,860.35,860.4,860.45,42,5,405,228,365,4,154,584,1725,1736,3,1,10,1,6,1,4,8,11,14,1720790968.889241
859.1,859.05,859.0,858.95,858.9,859.35,859.4,859.45,859.5,859.55,59,166,1508,399,209,127,353,1359,757,1172,2,3,22,7,8,1,3,9,12,8,1720792440.966303
859.25,859.1,859.05,859.0,858.95,859.35,859.45,859.5,859.55,859.6,26,70,300,1512,477,13,571,664,775,1338,1,1,5,23,9,1,5,11,8,20,1720792441.767207
859.25,859.1,859.05,859.0,858.95,859.35,859.45,859.5,859.55,859.6,26,170,288,1512,477,12,571,664,775,1338,1,2,5,23,9,1,5,11,8,20,1720792442.775273
859.3,859.25,859.2,859.1,859.05,859.35,859.45,859.5,859.55,859.6,1,30,55,203,565,8,234,603,865,1283,1,1,1,3,6,2,3,8,8,19,1720792443.967587
859.25,859.1,859.05,859.0,858.95,859.35,859.4,859.45,859.5,859.55,13,137,506,1514,715,1,1,233,437,560,1,3,4,24,11,1,1,2,6,3,1720792444.986196
859.35,859.3,859.15,859.1,859.05,859.45,859.5,859.55,859.6,859.65,1,1,57,137,506,221,232,572,1278,1098,1,1,1,3,4,2,3,4,20,11,1720792445.585241
859.3,859.15,859.1,859.05,859.0,859.35,859.45,859.5,859.55,859.6,1,53,137,506,1747,10,212,286,566,1272,1,1,3,4,25,1,3,4,4,19,1720792446.772379
859.35,859.3,859.1,859.05,859.0,859.5,859.55,859.6,859.65,859.7,1,1,367,736,1863,115,654,1142,1110,2349,1,1,5,5,26,3,6,16,12,10,1720792447.793033
859.15,859.1,859.05,859.0,858.95,859.5,859.55,859.6,859.65,859.7,54,163,506,1847,625,481,648,1197,1104,2465,2,4,4,27,9,6,5,17,12,11,1720792448.77408
859.15,859.1,859.05,859.0,858.95,859.45,859.5,859.55,859.6,859.65,56,192,588,1771,734,220,481,687,1197,1104,1,4,6,26,10,1,6,6,17,12,1720792449.775521
859.15,859.1,859.05,859.0,858.95,859.45,859.5,859.55,859.6,859.65,12,209,527,1771,693,373,487,738,1197,1098,1,6,4,26,10,3,7,8,17,11,1720792450.976583
859.15,859.1,859.05,859.0,858.95,859.45,859.5,859.55,859.6,859.65,12,209,506,1847,748,224,487,727,1197,1109,1,6,4,27,11,2,7,7,17,12,1720792451.588813
859.15,859.1,859.05,859.0,858.95,859.4,859.45,859.5,859.55,859.6,12,185,451,1847,693,24,379,452,771,1273,1,5,3,27,10,1,4,7,8,18,1720792452.587938
859.25,859.15,859.1,859.05,859.0,859.4,859.45,859.5,859.55,859.6,1,56,185,451,1847,2,203,406,760,1272,1,1,5,3,27,2,3,6,7,17,1720792453.834501
859.25,859.15,859.1,859.05,859.0,859.35,859.4,859.45,859.5,859.55,4,56,185,451,1771,1,2,214,557,674,2,1,5,3,26,1,2,4,7,6,1720792454.592068
859.35,859.25,859.2,859.15,859.1,859.5,859.55,859.6,859.65,859.7,1,3,53,58,320,181,763,1095,1156,2348,1,1,2,2,7,4,7,16,12,9,1720792455.678914
859.35,859.25,859.2,859.15,859.1,859.5,859.55,859.6,859.65,859.7,11,3,1,58,304,182,763,1037,1156,2348,2,1,1,2,6,5,7,15,12,9,1720792456.794549
859.45,859.35,859.25,859.2,859.15,859.5,859.55,859.6,859.65,859.7,7,7,3,26,285,160,390,1168,1121,2348,1,2,1,2,4,7,3,17,12,9,1720792458.181403
859.45,859.35,859.25,859.2,859.15,859.5,859.55,859.6,859.65,859.7,7,7,3,81,285,30,229,898,894,2831,1,2,1,3,4,4,2,13,9,16,1720792458.779923
859.45,859.35,859.15,859.1,859.05,859.5,859.55,859.6,859.65,859.7,43,7,282,304,735,249,228,736,814,2830,2,2,3,6,5,7,1,11,8,17,1720792459.982236
859.45,859.35,859.2,859.15,859.1,859.5,859.55,859.6,859.65,859.7,43,6,1000,282,304,243,229,736,814,2930,2,1,1,3,6,5,2,11,8,18,1720792460.592777
859.45,859.35,859.25,859.2,859.15,859.5,859.6,859.65,859.7,859.75,53,6,50,1318,509,5,468,926,684,1272,3,1,2,5,3,2,9,8,9,12,1720792461.780994
859.45,859.35,859.3,859.25,859.2,859.6,859.65,859.7,859.75,859.8,46,6,48,54,1402,298,927,807,1272,1185,2,1,1,3,6,6,9,11,12,11,1720792462.784033
859.5,859.45,859.35,859.3,859.25,859.55,859.6,859.65,859.7,859.75,25,46,6,48,54,91,296,927,752,1261,1,2,1,1,3,1,6,9,10,11,1720792463.783222
859.5,859.45,859.35,859.3,859.25,859.55,859.6,859.65,859.7,859.75,25,46,6,48,318,60,302,358,454,703,1,2,1,1,5,1,7,2,5,6,1720792464.591849
859.55,859.45,859.35,859.3,859.25,859.6,859.7,859.75,859.8,859.85,46,83,283,54,700,9,230,293,666,921,3,3,2,3,8,4,1,3,7,9,1720792466.004353
859.55,859.45,859.35,859.3,859.25,859.6,859.7,859.75,859.8,859.85,45,138,284,5,700,10,230,293,666,921,3,4,3,1,8,5,1,3,7,9,1720792467.184315
859.6,859.55,859.45,859.4,859.35,859.75,859.8,859.85,859.9,859.95,4,45,138,51,501,8,497,643,619,2280,1,3,4,3,4,1,5,5,5,14,1720792468.183438
859.6,859.55,859.45,859.4,859.35,859.75,859.8,859.85,859.9,859.95,7,8,138,46,501,9,437,654,869,1890,1,2,4,2,4,2,5,6,9,16,1720792468.989919
